2529 3434
0 565 6 586 Ι

685 314 795 389 *Q
873 312 939 385 ><
977 310 1128 384 0)(
1194 310 1306 383 off
1801 333 1910 384 119

0 466 23 498 :-
81 447 240 497 minus
278 436 554 506 conspicua3
598 449 706 500 quae
743 449 801 483 ex
839 432 959 483 edita
998 433 1070 483 illa
1113 433 1263 492 turri,
1310 432 1382 481 vel
1442 447 1518 482 me
1557 445 1758 492 tacente,
1795 437 1910 486 Vos

77 540 357 606 compellare
378 535 609 585 videntur.
675 531 891 583 Distraxit
920 530 1141 597 deinceps
1162 529 1374 581 Alstiriam
1397 531 1536 580 fatalis
1561 533 1629 580 iila
1654 532 1906 583 vastiffimae

0 663 3 689 ;
80 636 375 694 Monarchiae
403 636 450 683 in
471 630 736 684 Occiduam
766 643 811 680 et
834 629 1123 680 Orientalem
1154 629 1234 679 sub
1258 630 1523 697 Carolingis
1557 631 1765 697 Regibus
1796 632 1907 681 diui-

76 737 170 798 fi03
195 735 509 802 ,plurimarum
534 727 815 779 miseriarum
845 729 971 779 causa
1006 743 1050 777 et
1074 729 1239 796 orig03
1270 729 1439 794 quibus
1466 743 1599 777 atrox
1629 729 1829 779 filiorum
1860 734 1907 781 in

79 834 375 893 Ludouicum
405 831 537 880 Pium
559 827 761 895 perfidia,
795 844 936 892 quam
961 829 1102 877 inuita
1122 841 1167 877 et
1187 825 1516 876 cohorrescens
1531 828 1594 896 jn
1623 830 1798 891 campis
1823 828 1907 879 fuis

83 931 201 983 vidit
235 928 418 987 Awana,
452 927 572 977 haud
603 927 742 976 dubie
772 926 991 992 praelusit,
1057 927 1191 975 Tum
1228 941 1342 974 vero
1377 924 1573 990 squalida
1604 939 1649 974 et
1683 926 1932 1003 deformis

81 1026 369 1081 nobiliffimae
393 1026 647 1091 prouincioe
667 1039 824 1075 exorta
862 1025 925 1075 est
949 1024 1106 1083 facies,
1142 1024 1422 1084 Auditores;
1458 1041 1566 1072 cum
1594 1025 1661 1073 illa
1685 1027 1902 1074 omnium

80 1128 131 1179 in
153 1104 332 1175 'viscera
361 1122 583 1173 saeuientis
613 1123 880 1172 Germaniae
914 1124 1144 1173 malorum
1179 1121 1367 1172 consors
1402 1137 1470 1171 tot
1515 1122 1687 1186 pesteS‚
1724 1123 1907 1190 strages,

81 1223 291 1283 incendia
322 1236 367 1270 et
397 1219 620 1285 quicquid
648 1222 775 1270 Mars
809 1227 1044 1286 impotens
1079 1220 1214 1269 ferale
1247 1220 1407 1278 habet,
1441 1237 1497 1268 ex
1528 1221 1608 1268 suo
1640 1237 1749 1268 cum
1784 1222 1910 1271 Ger·

79 1321 226 1379 manis
262 1319 449 1385 vinculo
479 1317 781 1367 tremebunda
814 1318 1015 1367 sensisset.
1083 1319 1203 1367 Heic
1241 1331 1373 1366 torua
1404 1332 1449 1366 et
1479 1318 1611 1366 ferox
1645 1319 1905 1385 Huugaro-

78 1435 188 1482 rum
210 1419 331 1467 natio
353 1416 539 1465 florenti
561 1413 737 1464 Alsatiae
758 1415 992 1464 excidium
1022 1417 1225 1463 intentat.
1296 1416 1418 1464 Heic
1442 1429 1576 1479 rupta
1603 1417 1726 1481 pacis
1756 1417 1908 1480 publi-

78 1512 149 1567 ‘cae
178 1514 349 1566 foedera
371 1527 416 1562 et
447 1512 527 1578 ipsi
563 1513 610 1560 in
639 1526 849 1561 mutuam
887 1513 1138 1577 perniciem
1177 1513 1328 1570 ciues,
1363 1513 1409 1560 in
1444 1513 1679 1562 latrocinia
1712 1529 1757 1562 et
1793 1531 1906 1579 prae-

51 1612 158 1668 -das
181 1625 425 1662 armantur.
492 1611 614 1659 Heic
638 1611 751 1663 Anti
782 1609 1008 1668 Caesares,
1043 1611 1182 1658 citato
1204 1609 1337 1659 cursu
1366 1611 1413 1658 in
1449 1604 1591 1660 scelus
1616 1626 1824 1671 ruentes,
1859 1628 1904 1664 et

77 1709 279 1773 luetuofi
302 1710 678 1773 interregnorum
709 1721 948 1773 tempora,
981 1709 1185 1772 rapinas,
1220 1709 1370 1758 caedes
1402 1722 1447 1757 et
1479 1727 1703 1776 agrorum
1736 1711 1908 1761 vastita-

82 1777 178 1857 teni
216 1805 374 1855 anxius
422 1804 684 1868 conspicias.
782 1803 906 1853 Heic
945 1805 1115 1872 Angli,
1157 1806 1392 1856 immensis
1439 1810 1702 1874 agminibus
1744 1808 1905 1875 stipati,

82 1917 258 1953 veteres
288 1899 453 1950 Alsatiae
486 1899 656 1949 incolas
686 1915 744 1948 ex
777 1902 939 1950 natiuis
977 1900 1064 1950 suis
1111 1892 1291 1952 sedibus
1337 1903 1434 1952 fere
1468 1905 1635 1970 pellere
1673 1908 1904 1957 videntur.

78 2000 202 2051 Heic
225 1997 380 2047 furens
412 1998 628 2046 libertatis
657 1995 891 2047 affectator
911 1999 1110 2048 colonus
1136 1998 1261 2050 frena
1290 2002 1506 2060 mordet,
1537 2005 1770 2068 armisque
1798 2021 1905 2054 cor·

74 2099 220 2157 teptis
241 2094 548 2143 dominorum
579 2096 836 2144 ceruicibus
865 2096 1213 2147 minitabundus
1236 2101 1462 2148 imminet.
1532 2101 1654 2149 Heic
1687 2101 1794 2165 ipsae
1827 2102 1907 2152 de-

72 2193 219 2257 nique
252 2192 592 2255 Imperatorum
631 2170 863 2257 legiones,
898 2193 952 2242 ad
990 2193 1304 2245 defensionem
1338 2198 1568 2262 regionis,
1607 2212 1658 2247 vt
1698 2198 1905 2263 speraba-¹

81 2296 183 2347 tur,
218 2303 405 2351 paratae,
441 2290 685 2354 plusquam
719 2291 867 2340 hostili
902 2293 1063 2342 iniuria
1105 2294 1315 2358 plectunt
1341 2295 1556 2362 agrestes,
1614 2295 1903 2349 Infortunata

77 2387 339 2452 prouincia!
385 2401 429 2435 et
473 2367 519 2435 sn
564 2385 739 2437 summa
790 2388 1000 2438 felicitate
1043 2407 1270 2457 perpetuo
1315 2395 1502 2453 infelix3
1556 2411 1662 2458 quae
1699 2395 1902 2445 saeuienti

78 2483 317 2534 discordiae
354 2480 528 2548 sefflper
562 2486 789 2548 obnoxia3
822 2489 954 2537 cuius
980 2502 1031 2537 vt
1058 2491 1318 2561 innocentis
1348 2493 1550 2562 victimae
1583 2490 1798 2559 iugulum
1831 2506 1901 2542 tot

70 2580 228 2634 hostes
251 2579 458 2646 Vndique
492 2584 710 2647 petinere.
775 2585 926 2636 Terra
952 2585 1076 2638 ferax
1107 2605 1151 2639 et
1175 2588 1382 2644 amoena!
1415 2604 1644 2654 quantum
1667 2591 1901 2658 unguinis

1740 2688 1897 2738 huma-
