2503 3444
661 300 770 384 Q
848 304 912 380 )’(
953 329 989 365 0
1029 305 1095 381 )(
1173 303 1286 381 ΜΘ·
1785 326 1893 384 153

3 443 6 447 '
70 420 162 488 aliis
188 422 340 484 divina
371 422 698 498 mysteriorum
733 446 891 480 arcana
918 431 1006 479 iam
1041 428 1460 494 ipste'repancieret3
1500 430 1641 480 Anno
1665 427 1890 494 sequenti,

71 535 150 598 qui
172 533 302 581 seculi
329 529 567 596 praesentis
587 528 837 597 vigefimus
864 529 1043 592 primus
1074 542 1193 586 erat,
1228 529 1423 594 egregio
1452 528 1766 594 Theologicae
1791 543 1893 576 eru-

70 630 254 680 ditionis
287 629 531 693 specimine
573 628 755 685 clarus,
790 643 891 691 quo
933 625 1162 675 celebrem
1199 627 1318 674 illam
1358 626 1416 673 de
1451 626 1602 692 Lapsts
1638 624 1892 692 recipiendis

71 726 450 784 controversiam,
485 726 599 774 olim
625 726 672 774 in
694 725 886 774 Ecclesia
909 738 1111 785 motam,
1144 722 1429 779 dilucidavit,
1452 725 1730 773 examinavit
1755 738 1892 787 atque
1939 734 1953 743 “

70 825 116 874 in
141 825 311 874 solenni
337 824 662 888 disputantium
691 823 911 872 conflictu
936 822 1059 871 suam
1088 821 1146 869 de
1170 839 1221 870 ea
1244 820 1536 878 sententiam,
1556 820 1637 872 sub
1661 822 1896 886 Wagneri

71 922 306 988 praesidio,
340 921 532 971 mascule
553 921 784 985 docteque
804 920 1036 969 defendit(
1061 942 1064 959 ι
1089 919 1327 970 Gratulata
1356 918 1418 966 est
1449 918 1528 966 fibi
1554 918 1612 966 de
1644 919 1827 968 erudito
1850 932 1894 967 et

70 1020 245 1070 amabili
271 1018 348 1068 suo
380 1019 499 1069 Cive
524 1019 920 1085 Argentoratenfis
945 1018 1219 1075 Academia,
1254 1018 1417 1083 gloriae
1441 1016 1764 1080 doctrinaeque
1797 1018 1896 1067 eius

74 1117 334 1182 proficuum
366 1117 466 1166 fore
503 1118 761 1167 existimans
773 1151 785 1175 ‚
819 1117 851 1165 fi
884 1118 939 1167 ad
975 1118 1054 1166 alia
1086 1132 1277 1180 quoque
1312 1115 1440 1163 orbis
1475 1114 1662 1163 Literati
1694 1115 1899 1164 evolaret

74 1213 234 1280 L'ycea.
301 1216 515 1265 Evolavit
548 1215 644 1281 ipso
676 1217 801 1265 Anni
832 1216 1076 1263 memorati
1110 1231 1218 1262 vere
1251 1212 1540 1269 Schmidius,
1575 1227 1598 1260 a
1629 1212 1897 1261 Maecenati-

76 1313 159 1362 bus
187 1327 230 1361 et
259 1302 515 1362 Literarum
548 1315 593 1361 in
629 1314 712 1363 hac
742 1315 873 1362 Urbe
907 1313 1114 1362 Patronis
1147 1311 1201 1361 ad
1227 1309 1450 1375 impensas
1476 1310 1650 1358 itineris
1675 1309 1895 1358 sustinen-

75 1410 154 1459 das
176 1411 361 1477 egregie
392 1410 596 1468 adiutus,
632 1424 854 1473 rectoque
888 1427 969 1474 per
992 1409 1376 1465 Fiancofurtum,
1409 1406 1629 1461 Fuldam,
1665 1407 1899 1464 Gotham,
1956 1436 1965 1444 ·

77 1507 338 1566 Erfurtum‚
376 1510 610 1558 Vinariam
645 1509 805 1556 itinere
836 1507 891 1556 ad
923 1506 1158 1558 lenensem
1188 1506 1402 1555 Saxoniae
1435 1503 1736 1553 Academiam
1776 1502 1899 1553 festi-

77 1604 224 1664 navit,
258 1620 308 1655 ut
329 1606 543 1655 illustrem
574 1607 701 1654 illum
722 1605 936 1654 Ecclefiae
961 1605 1318 1653 protestantium
1345 1603 1604 1652 Doctorem
1631 1601 1901 1660 Buddeum‚

77 1719 132 1752 ex
162 1704 376 1753 cathedra
409 1704 656 1752 docentem
678 1736 691 1761 ,
729 1703 924 1767 praesens
954 1702 1130 1750 audiret
1151 1734 1164 1758 ,
1200 1718 1222 1749 a
1254 1701 1384 1748 cuius
1420 1699 1776 1762 Foe‘rtschiique‚
1815 1700 1896 1762 qui

78 1802 216 1850 ambo
252 1800 306 1847 ad
340 1800 491 1864 plures
519 1801 607 1848 iam
648 1800 893 1858 abierunt,
930 1816 1011 1848 ore
1046 1815 1129 1864 per
1159 1799 1397 1864 integrum
1437 1796 1532 1846 iere
1563 1799 1669 1846 anni
1703 1796 1899 1862 spatium

79 1899 280 1963 pendere
310 1897 528 1962 deinceps
560 1896 679 1945 visus
707 1897 782 1945 est.
868 1897 1077 1946 Interfuit
1105 1896 1404 1943 Lectionibus
1438 1912 1605 1943 eorum
1634 1894 1898 1960 Theologi-

80 1996 178 2054 cis,
223 1991 339 2058 quas
368 1995 428 2042 illi
467 1989 599 2059 super
645 1995 879 2043 Doctrinae
917 1993 1186 2042 Christianae
1227 1985 1472 2041 Axiomata
1496 2025 1508 2049 ,
1543 1990 1898 2042 Controve1·fias

81 2086 378 2151 recentiores,
413 2091 546 2157 super
569 2095 683 2141 Acta
707 2074 1070 2157 Apostolorum,
1103 2090 1359 2140 Historiam
1385 2089 1598 2138 Ecclesiae
1622 2103 1667 2137 et
1693 2080 1750 2137 de
1773 2087 1897 2138 Offi-

83 2193 162 2241 ciis
192 2191 429 2240 Pastorum
464 2190 775 2251 instituerant3
808 2207 901 2238 non
937 2190 1150 2256 neglecto
1178 2190 1346 2237 interea
1377 2189 1601 2252 temporis
1636 2188 1898 2245 Hebraicae,

84 2290 311 2353 Syriacae,
347 2288 699 2353 Chaldaicaeque
740 2290 1027 2355 Linguarum
1068 2287 1218 2336 studio
1246 2320 1258 2344 2
1293 2287 1339 2334 in
1390 2286 1559 2349 quibus
1612 2299 1898 2350 1·>t·aecuntem

86 2386 241 2435 habuit
272 2385 478 2434 Ruffium
503 2420 516 2445 ‚
551 2387 798 2437 Orientalis
843 2388 1110 2434 Lirem-{turm
1157 2385 1407 2434 doctorem
1455 2385 1715 2450 egregium.
1800 2383 1897 2431 Sub

88 2483 210 2531 initia
241 2484 359 2531 veris
384 2484 507 2533 Anni
537 2484 745 2549 vigesimi
780 2483 962 2532 secundi
989 2486 1112 2533 Ienae
1143 2483 1359 2530 valedixit
1389 2480 1676 2537 Schmidius,
1712 2479 1766 2528 ad
1798 2479 1899 2529 Fri·

90 2579 363 2628 dericianam
397 2581 661 2631 Halenfium
684 2581 948 2639 tranfiturus
972 2580 1284 2639 Academiam,
1321 2580 1399 2628 ubi
1422 2594 1478 2627 ex
1500 2577 1736 2627 illustrium
1759 2579 1897 2626 Viro-

159 2677 277 2738 Pars
302 2679 361 2727 II.
712 2741 718 2744 μ
977 2679 1026 2738 U
1795 2688 1900 2721 rum

18 2902 22 2965 -..η
18 2835 22 2890 -,-
18 2780 22 2827 -.,
20 2761 21 2765 Α
17 2664 22 2724 -.
17 2462 23 2651 -,....-..-
0 0 32 2447 “”.-,ψ-.Μ-ᾞ“Ἦώῂ“π.-Ὕ-ψ--,Μῂ...κωφψῂψψῂ-ᾓἪ-ᾏ-ῇ-Ὗ-ί

154 2 161 8 ,
