2618 3485
683 359 753 402 22
1293 337 1921 418 QXOXss

683 479 795 516 eum
838 462 1024 529 stupore
1056 459 1159 514 sunt
1189 467 1504 531 contemplati.
1607 465 1746 517 Adeo
1791 465 2051 516 veneranda
2083 465 2152 516 illa
2184 465 2520 522 Rhemenfiur'n

682 564 884 621 Ciuitas,
921 561 1128 612 rariffimi
1153 564 1372 614 Franciae
1404 564 1599 615 thesauri
1640 565 1747 614 felix
1777 564 2070 629 depositaria,
2104 580 2263 615 ettam
2286 568 2523 633 Augustae

684 663 975 710 ceremoniae
1008 678 1090 728 per
1129 666 1309 730 integra
1340 663 1592 712 duodecim
1631 664 1777 713 secula
1811 664 1901 712 iam
1936 662 2174 722 destinata,
2211 681 2309 714 non
2336 666 2529 724 Galliae,

681 759 757 809 sed
787 759 934 811 Orbis
956 761 1171 814 Vniuersi
1210 762 1548 828 compendium
1578 758 1943 828 repraesentauit.
2013 761 2138 830 Qais
2158 763 2295 814 Tuus
2330 763 2387 813 ad
2412 764 2525 814 haec
2586 753 2589 757 ⁵

682 861 901 911 miracula
935 859 1082 912 sensus
1126 861 1212 920 est,
1249 863 1330 925 qui
1359 863 1493 912 Mare
1529 876 1573 911 et
1607 861 1888 919 Oceanum,
1922 861 2117 933 Tagum
2151 875 2196 911 et
2236 860 2530 928 Euphratem

682 959 999 1009 admirationis
1035 961 1170 1010 Tuae
1214 960 1331 1010 fama
1367 963 1646 1028 coniungis,
1692 961 2131 1019 LVDOVICE,
2171 961 2272 1010 Rex
2310 959 2528 1011 Christia-
2614 983 2615 988 ¹

681 1058 891 1117 niffime,
924 1061 1052 1123 quis,
1086 1062 1302 1124 inquam,
1340 1062 1507 1110 mentis
1528 1062 1662 1110 Tuae
1692 1058 1842 1109 sensus
1881 1060 1969 1139 est)
2005 1076 2114 1108 cum
2143 1060 2225 1108 Tu
2247 1059 2410 1108 diuino
2449 1058 2529 1109 illo

683 1157 932 1206 Maiestatis
956 1157 1142 1224 fulgore
1180 1159 1485 1208 circumfusus
1512 1173 1582 1208 tot
1615 1160 1955 1207 confluentium
1992 1157 2201 1223 Vndique
2235 1158 2526 1223 populorum

681 1255 948 1321 applausus,
984 1270 1054 1305 tot
1073 1258 1290 1324 gentium
1321 1259 1650 1324 gratulationes
1679 1257 1985 1306 mirabundus
2008 1257 2209 1307 exaudis.
2280 1257 2409 1306 Felix
2443 1255 2526 1305 ho·
2589 1255 2594 1261 ’

683 1354 852 1419 dieque
889 1356 1146 1420 triumphat
1175 1373 1376 1421 compos
1399 1373 1624 1406 votorum
1661 1356 1807 1406 Gallia
1835 1357 1967 1415 Tua,
2005 1356 2262 1421 triumphat
2288 1354 2528 1419 Hispania,

683 1454 942 1520 triumphat
970 1454 1146 1504 Oriens
1175 1468 1316 1520 atque
1345 1457 1641 1520 Septentrio,
1665 1469 1723 1504 -et
1753 1471 1918 1503 omnes
1948 1455 1997 1503 hi
2021 1455 2119 1503 Tui
2152 1453 2254 1502 sunt
2285 1450 2529 1518 triumphi,

682 1552 1029 1618 Triumphator
1059 1555 1277 1603 Maxime.
1346 1554 1565 1603 Exultant
1606 1570 1663 1602 ex
1699 1552 1912 1601 felicibus
1942 1569 2100 1602 rerum
2146 1557 2171 1600 Γ
2175 1568 2340 1601 uarum
2380 1552 2528 1600 incre·
2575 1535 2581 1540 “

682 1652 851 1701 mentis
885 1664 955 1701 tot
995 1651 1363 1711 florentiffimae,
1397 1651 1607 1720 sanguini
1632 1653 1748 1701 Tuo
1771 1646 1992 1711 iunctae,
2023 1652 2210 1718 Regum
2237 1651 2532 1715 Prinz‘ipurn-

683 1766 777 1814 que
798 1749 992 1799 familiae
1008 1784 1021 1809 ,
1058 1765 1102 1799 et
1121 1768 1280 1800 rerum
1303 1750 1486 1801 suarum
1509 1768 1636 1799 nunc
1669 1749 1793 1814 quali
1815 1750 2007 1808 oblitae,
2042 1764 2316 1814 temporum
2338 1749 2531 1814 Regno-

683 1863 886 1912 rumque
925 1847 1190 1898 felicitatem
1231 1865 1288 1898 ex
1315 1848 1682 1916 Tuaregnandi
1719 1848 1869 1915 gloria
1901 1849 2171 1896 metiuntur.
2259 1846 2322 1895 Et
2352 1845 2414 1894 illi
2445 1859 2530 1910 per

682 1961 756 1997 tot
786 1947 928 1997 secula
960 1949 1051 1996 iam
1082 1946 1276 2012 sepulti,
1319 1963 1391 1997 tot
1435 1948 1677 1997 illustrium
1711 1947 1930 1997 Franciae
1959 1947 2169 2013 ,Regum
2214 1945 2533 2008 Heroumque

685 2046 876 2105 Manes,
911 2062 969 2095 ex
1001 2045 1088 2095 suis
1112 2045 1236 2111 quali
1268 2045 1486 2112 sepulcris
1506 2046 1822 2112 resurgentes,
1858 2046 1931 2094 sua
1957 2060 2079 2093 certe
2104 2044 2272 2092 silentia
2295 2058 2531 2108 rumpere,

683 2159 729 2194 et
763 2146 1099 2194 communibus
1135 2146 1425 2209 populorum
1464 2146 1586 2194 votis
1608 2145 1681 2192 sua
1712 2159 1904 2206 quoque
1936 2143 2128 2209 iungere
2160 2141 2328 2207 gaudia
2359 2140 2526 2191 viden·
2612 2187 2618 2209 A}

685 2256 788 2304 tur3
823 2244 998 2293 Galliae
1033 2243 1256 2290 nimirum
1294 2241 1395 2291 suae
1431 2242 1727 2309 gratulaturi,
1766 2240 1897 2304 quod
1930 2241 2006 2289 Te
2046 2241 2092 2288 in
2117 2241 2269 2306 Regio
2299 2255 2426 2289 nunc
2447 2240 2535 2287 So·

687 2341 750 2390 lio
782 2340 1011 2407 respiciat,
1048 2341 1130 2405 qui
1159 2342 1293 2390 omni
1313 2341 1627 2391 Hei-oicarum
1659 2342 1890 2390 virtutum
1921 2356 2096 2406 genere
2126 2354 2294 2388 omnes
2324 2327 2532 2388 Maiores
2610 2345 2614 2359 '

685 2439 827 2489 Tuos
861 2458 956 2489 non
993 2438 1140 2489 solum
1178 2455 1401 2504 aequare,
1438 2440 1510 2490 sed
1545 2454 1589 2489 et
1619 2441 1765 2507 longe
1798 2437 2010 2507 superare
2041 2437 2299 2487 contendis.
2366 2438 2531 2501 Stupet

687 2538 746 2588 ad
778 2538 1031 2589 inauditam
1065 2539 1183 2589 hanc
1229 2552 1300 2588 tot
1329 2555 1488 2588 rerum
1523 2539 1764 2589 illustrium
1793 2537 1963 2587 famam
2002 2540 2372 2587 ARGENTINA
2405 2534 2528 2592 Tua,

687 2636 792 2688 Rex
822 2638 1052 2702 inflleep
1088 2653 1134 2689 et
1155 2637 1471 2690 intenfiffimae
1493 2639 1673 2707 pietatis
1705 2636 1806 2688 suae
1838 2635 2019 2688 conscia
2051 2637 2142 2687 iam
2170 2633 2353 2701 pridem
2374 2630 2531 2683 fundi-

2459 2744 2534 2784 tUS
