2503 3444
686 309 796 388 'Q
872 312 1117 388 )<0)(
1193 314 1307 392 affl·
1805 343 1922 400 327

80 432 228 501 spatio
260 434 525 491 fabricatae,
567 432 614 481 in
640 432 768 482 hunc
805 435 1007 486 modum
1048 435 1240 488 structae
1266 451 1404 504 atque
1429 454 1614 492 ornatae
1644 442 1917 510 ereduntur,

82 549 137 586 vt
178 532 438 585 eorundem
475 529 615 580 effent
656 530 772 598 asyla
815 546 860 581 et
896 532 1062 585 idonea
1105 536 1387 588 celebrandis
1428 541 1738 594 conventibus
1784 544 1917 599 sacris

79 631 393 697 receptacula,
454 631 503 679 in
543 630 713 695 quibus
747 647 770 679 a
813 631 1189 696 persequentium
1225 633 1384 685 furore
1419 639 1504 687 tuti
1549 638 1836 694 versarentur
1869 660 1916 697 et

78 728 154 780 sua
186 729 330 778 securi
363 742 606 778 tractarent
636 728 882 793 mysteria3
935 731 1035 779 imo
1069 745 1118 781 vt
1150 731 1241 797 ipsa
1277 749 1469 798 quoque
1505 736 1836 791 Confefi'orum
1868 758 1914 795 et

79 827 352 893 Martyrum
378 843 580 891 corpora
617 826 679 874 ibi
705 825 1072 877 reconderentur
1086 842 1139 892 et
1170 846 1194 879 a
1219 832 1357 881 novis
1381 833 1558 883 iniuriis
1581 836 1913 899 praestarentur

78 938 190 975 tuta.
259 924 452 975 Curiosa
486 923 587 973 stane
610 938 656 972 et
681 925 971 990 digniffima‚
1000 943 1117 990 quae
1145 930 1396 979 accuratius
1425 933 1682 982 excutiatur
1712 940 1909 990 materia.

76 1022 190 1074 Nos
222 1022 439 1086 equidem
476 1021 667 1088 persuasi
708 1022 866 1073 sumus
887 1057 902 1082 ,
959 1023 1070 1075 haec
1103 1028 1360 1092 generatim
1393 1027 1547 1080 afferta
1580 1044 1718 1096 atque
1750 1036 1911 1089 tradita

75 1137 176 1172 non
200 1120 339 1170 firmo
368 1121 467 1170 satis
501 1122 582 1169 niti
609 1120 931 1171 fundamento.
1008 1123 1127 1173 Illud
1160 1140 1400 1190 nunquam
1429 1129 1728 1194 negabimuS,
1766 1135 1909 1198 pluri-

73 1235 151 1269 ma
184 1222 232 1267 in
258 1218 343 1268 illis
371 1219 670 1269 Catacumbis
692 1220 980 1270 Christianae
1003 1223 1298 1286 Antiquitatis
1324 1241 1630 1277 monumenta
1668 1229 1910 1283 haud-du.

72 1317 145 1367 bia
165 1333 345 1377 extare;
379 1318 478 1366 imo
508 1333 552 1366 et
576 1333 839 1367 conventus
860 1321 909 1368 in
932 1321 986 1369 iis
1009 1319 1275 1384 frequentes
1304 1324 1419 1372 olim
1450 1324 1642 1375 eosdem
1667 1329 1906 1381 celebrasse

71 1413 361 1464 Christianos
391 1416 501 1464 nulii
527 1416 804 1466 dubitamus.
869 1421 943 1467 De
966 1418 1052 1468 hac
1079 1436 1142 1477 re,
1173 1435 1351 1484 praeter
1376 1421 1633 1474 testimonia
1664 1441 1721 1473 ex
1752 1427 1900 1478 TER-

72 1527 416 1570 ’rvrmmtm
472 1494 860 1563 HJE'RONYMO
895 1516 1084 1579 aliisque
1119 1518 1350 1576 desumta,
1398 1535 1455 1566 ex
1494 1520 1763 1573 Evsamo
1802 1523 1903 1577 satis

68 1609 254 1671 edocti3
307 1612 354 1658 in
394 1611 526 1658 cuius
566 1611 678 1670 Hzst.
724 1611 886 1675 Eccless
914 1614 1018 1667 Lib.
1043 1615 1150 1663 VH.
1200 1615 1316 1679 Cap.
1344 1616 1401 1666 II.
1437 1632 1557 1667 extat
1591 1619 1812 1671 Edictum
1846 1625 1902 1674 ab

69 1709 272 1774 AEgypti
303 1707 541 1756 Praefecto
584 1707 665 1756 sub
698 1710 942 1758 Valeriano
993 1724 1037 1759 et
1070 1711 1290 1761 Gallieno
1328 1713 1550 1779 Augustis
1584 1718 1897 1781 publicatum:

67 1822 120 1860 ne
150 1806 280 1856 liceat
311 1805 571 1871 Christianis
594 1819 830 1856 conventus
859 1825 1009 1876 agere,
1055 1821 1137 1859 aut
1160 1827 1210 1858 ea
1240 1827 1351 1878 quae
1383 1825 1604 1863 vocantur
1635 1816 1900 1870 Coemeteria

66 1904 202 1955 adire.
301 1904 390 1953 Sed
419 1904 545 1962 iilud,
581 1905 710 1968 quod
736 1908 1052 1955 communiter
1084 1907 1304 1966 traditur,
1339 1909 1560 1960 hactenus
1584 1914 1798 1965 nondum
1826 1920 1897 1966 in-

66 2004 176 2053 veni
201 2002 479 2067 probatum:
536 2003 742 2068 Cryptas
770 2003 939 2054 scilicet
974 2005 1054 2053 has
1086 2005 1345 2070 priscorum
1378 2008 1745 2062 Christianorum
1766 2013 1895 2066 fuisse

64 2118 236 2166 opera,
283 2116 329 2150 et
360 2101 415 2150 ab
449 2102 500 2150 iis
535 2117 622 2165 pro
655 2103 981 2152 conservandis
1011 2104 1281 2169 Martyrum
1324 2108 1603 2170 corporibus
1634 2112 1892 2176 confectas;

62 2216 268 2263 quorum
291 2198 392 2248 (ane
412 2199 689 2249 cadaverum
712 2199 996 2266 septuaginta
1019 2217 1064 2250 et
1093 2216 1293 2274 quatuor
1317 2204 1454 2252 millia
1483 2207 1531 2254 in
1558 2209 1694 2258 vnico
1727 2227 1893 2261 nume-

61 2312 153 2349 rata
183 2297 284 2346 sunt
306 2298 621 2347 Coemeterio.
716 2296 930 2363 Ipsorum
969 2304 1086 2365 er‘go
1120 2300 1386 2361 Gentilium
1420 2319 1543 2368 opus
1579 2305 1658 2355 has
1687 2307 1892 2374 Cryptas

60 2394 190 2445 fuiffe
225 2395 460 2445 statuimus
479 2429 492 2452 ‚
544 2395 625 2458 qui
653 2409 821 2444 terram
849 2413 1128 2462 arenamque
1152 2400 1367 2450 aedificiis
1386 2434 1399 2459 ,
1435 2403 1572 2473 areis,
1618 2407 1891 2468 porticibus,

61 2494 243 2551 semitis,
281 2495 380 2552 viis,
414 2493 686 2551 fornicibus,
710 2493 917 2558 vasisque
944 2495 1159 2547 fictilibus
1184 2498 1483 2548 conficiendis
1506 2499 1616 2549 inde
1646 2519 1888 2565 eruerunt,

58 2591 269 2662 successu
295 2608 409 2642 vero
451 2591 678 2658 temporis
716 2607 1018 2643 mortuorum
1056 2595 1276 2646 cadavera
1307 2598 1356 2645 in
1393 2597 1578 2648 easdem
1607 2597 1711 2650 sunt
1745 2603 1886 2664 iliata,-

1781 2701 1886 2772 ipsis
