2503 3444
670 284 780 363 «ἡ,
855 286 1104 360 ·)-(0)-(
1182 285 1294 361 effi*
1364 287 1370 293 ’
1783 315 1892 378 175

72 420 146 479 fid
168 431 211 471 et
238 432 376 483 quam
404 411 601 477 maxime
629 424 878 479 urgemus,
912 408 1116 458 multum
1147 422 1323 459 naturae
1352 424 1397 459 et
1423 410 1569 473 indoli
1592 414 1641 461 in
1660 415 1890 480 eloquen-

21 544 25 578 3
72 519 147 567 tiae
169 515 314 565 studio
335 509 420 560 effe
443 507 756 565 tribuendum,
790 506 1143 572 plurimumque
1165 505 1281 555 adeo
1314 507 1567 573 praestantis
1589 511 1763 578 ingenii
1788 517 1889 566 feli-

21 607 26 662 }
71 615 282 667 citatem,
325 606 489 657 affidua
524 604 773 671 praesertim
813 605 1139 652 exercitatione
1177 605 1530 656 corroboratam
1551 642 1565 667 ,
1601 611 1787 674 valere;
1827 616 1889 665 ita

22 713 26 772 ξ
69 710 159 760 hoc
188 721 348 770 aequus
383 720 540 753 rerum
572 702 820 752 aestisnator
853 699 1047 750 viciffim
1089 702 1228 750 nobis
1269 701 1499 752 concedet
1520 739 1535 764 ,
1580 707 1888 764 feliciffirnum

22 830 25 853 1
69 804 276 871 quemvis
306 803 500 869 genium
529 801 620 849 fine
648 801 757 850 artis
778 812 823 849 et
853 799 1104 864 disciplinae
1137 799 1313 849 cultura
1348 797 1480 849 facile
1506 804 1555 851 in
1581 804 1885 869 frequentiffi-

21 946 25 952 .
69 917 170 953 mos
191 899 456 950 temeritatis
482 913 663 947 errores
685 898 971 963 impingere,
1005 897 1136 947 facile
1159 913 1250 962 pro
1280 914 1389 947 vera
1413 913 1460 948 et
1487 899 1624 951 {blida
1659 903 1890 968 facundia,

69 998 244 1051 nonnifi
274 997 461 1055 fimum,
498 994 771 1054 confusum,
802 994 1027 1062 frigidum
1041 1028 1069 1061 ,K
1087 995 1385 1048 tumidumve
1405 997 1590 1048 dicendi
1618 1018 1769 1067 genus
1790 1006 1886 1056 adi-

69 1095 186 1164 pisci.
251 1094 441 1159 Insuper
473 1110 585 1143 cum
613 1071 735 1143 nulia
763 1106 888 1143 certe
924 1093 977 1143 fit
1006 1108 1100 1143 tarn
1135 1094 1262 1152 vilis,
1298 1108 1391 1145 tam
1435 1097 1653 1160 proiecta·
1675 1101 1888 1165 seientia,

69 1194 184 1244 nulla
218 1193 517 1252 minimarum
547 1206 738 1256 quoque
765 1192 934 1241 artium
958 1223 973 1249 ,
1005 1191 1137 1241 cuius
1167 1208 1266 1241 non
1297 1192 1431 1269 firma
1462 1195 1679 1258 quaedam
1711 1215 1885 1263 extent,

67 1291 231 1357 quibus
256 1291 449 1348 nitatur,
483 1303 737 1353 ptaecepta3
772 1305 889 1337 num
924 1288 1012 1338 ulla
1043 1274 1224 1348 ratione
1254 1289 1463 1340 dubitare
1497 1294 1622 1357 posse
1654 1297 1889 1361 videmur,

70 1389 182 1454 quin
209 1374 254 1436 et
277 1385 351 1435 sua
372 1387 538 1451 paritet·
559 1384 732 1434 formet
761 1385 1011 1449 foveatque
1041 1385 1261 1452 dogmata
1294 1402 1462 1452 potens
1486 1391 1556 1439 illa
1583 1392 1887 1458 Eloquentia,

63 1469 176 1551 *quae
216 1500 305 1533 una
341 1497 597 1533 ceterarum
638 1482 814 1549 Regina
846 1480 1189 1546 disciplinarum
1221 1501 1388 1534 omnes
1409 1518 1425 1544 ,
1457 1503 1757 1555 quaecunque
1794 1473 1887 1544 ian]

69 1583 191 1641 lunt,
220 1581 292 1631 vel
312 1581 556 1645 aliquando
579 1579 771 1638 futurae>
804 1578 1050 1629 vastiffimo
1077 1581 1254 1631 ambitu
1285 1581 1366 1635 suo
1395 1587 1724 1649 complectitur
1734 1607 1748 1651 3
1779 1608 1889 1655 quae

72 1692 234 1745 per-tot
254 1677 513 1728 seculorum
535 1676 779 1728 decursum
799 1690 868 1725 tot
888 1675 1124 1728 clariffima
1144 1680 1338 1728 nutrivit
1359 1685 1660 1748 exercuitque
1678 1688 1861 1753 ingenia
1873 1709 1889 1748 ς

70 1792 176 1842 quae
203 1775 306 1824 suos
336 1774 617 1832 Demea-iffi,
652 1773 934 1832 Cicerones,
969 1774 1233 1839 Fabiosque
1268 1777 1519 1842 produxit3
1555 1798 1762 1846 quorum
1791 1801 1888 1839 tam

68 1873 306 1924 illustrium
336 1872 638 1935 acerrimique
679 1872 855 1938 ingenii
896 1872 1137 1930 virorum,
1172 1879 1231 1922 ex
1263 1877 1487 1938 praeclaro
1520 1878 1889 1950 admirandoque

68 1971 343 2035 eloquentiae
371 1967 452 2017 usu
482 1968 625 2016 nullas
660 1967 746 2016 effe
772 1955 1129 2027 obiervationes2
1150 1971 1320 2033 quibus
1351 1950 1400 2021 in
1432 1973 1636 2026 dicendo
1658 1981 1742 2039 νίς,
1762 1984 1888 2045 ordo

68 2082 112 2118 et
141 2067 325 2117 facilitas
361 2062 618 2129 comparari
653 2064 787 2129 poffit
811 2099 826 2123 ‚
872 2082 1013 2114 nemo
1034 2099 1050 2125 ‚
1084 2066 1164 2115 nifi
1205 2069 1450 2132 praefracto
1479 2072 1529 2121 in
1561 2076 1801 2130 veritatem
1833 2083 1888 2135 fit

74 2167 252 2223 animo,
291 2163 488 2229 negabit.
555 2162 616 2211 Et
640 2162 817 2212 conscia
846 2163 948 2212 sane
971 2154 1280 2228 convictaque
1313 2167 1452 2217 huius
1475 2172 1678 2223 veritatis
1694 2180 1890 2231 ARGEN-

70 2268 179 2312 'nm
205 2279 228 2312 a
249 2261 412 2327 primis
433 2260 579 2309 statim
601 2261 806 2310 reductae
824 2261 1096 2312 eruditionis
1125 2277 1170 2313 et
1191 2264 1444 2315 instauratae
1466 2270 1733 2322 Academiae
1755 2277 1888 2328 ineu..

22 2373 26 2412 ξ
73 2359 244 2409 nabulis
264 2358 535 2407 Rhetorices
554 2372 598 2406 et
610 2361 839 2407 Oratoriae
857 2359 1107 2409 Cathedrae
1122 2362 1382 2426 prospicere
1406 2364 1574 2432 sategit.
1606 2369 1754 2421 Cuius
1779 2376 1887 2426 lliu-

73 2455 262 2506 strisfitni
283 2455 413 2504 testes
434 2458 653 2512 STURMH,
685 2455 837 2520 JUNu,
871 2457 1035 2515 FLom,
1068 2458 1396 2519 BERNEGGERI,
1429 2462 1680 2524 Boucmm,
1712 2470 1886 2524 Scan..

24 2585 27 2624 3
75 2568 199 2614 msu,
233 2553 498 2614 OBREcHn,
531 2556 792 2618 AaToPOEI,
824 2554 1037 2614 KuHNu,
1067 2554 1124 2605 ad
1146 2572 1341 2630 omne-m
1372 2563 1591 2613 omnium
1614 2577 1885 2632 temporum

1738 2667 1891 2732 poste-
