2567 3470
886 232 889 234 ·
1289 264 1294 267 ,
2533 190 2538 262 1

650 356 721 408 42
1259 325 1887 403 Q><0Mss

646 459 754 508 ritas
776 471 873 504 non
902 452 1047 511 annis,
1070 450 1144 500 sed
1168 451 1343 501 actibus
1367 465 1495 501 tuam
1518 451 1664 501 vitam
1687 452 1919 516 metietur,
1945 449 2092 500 defixa
2116 449 2163 499 in
2185 447 2489 501 admiratione
2552 480 2553 483 =

647 556 929 621 scriptorum
969 566 1160 600 tuorum
1184 584 1196 608 ‚
1242 567 1349 615 quae
1390 565 1534 600 veros
1575 564 1621 600 ct
1659 550 1893 617 genuinos
1937 549 2098 616 magni
2137 549 2314 617 ingenii
2352 536 2501 616 foetus}

646 652 833 721 sparsisti
864 668 947 717 per
972 650 1165 710 orbem3
1204 649 1403 698 nimium
1429 647 1644 715 profecto
1675 647 1781 710 felix
1813 647 1989 707 futura,
2024 646 2056 696 fi
2086 661 2131 697 et
2152 648 2222 697 illa
2256 648 2304 696 in
2327 661 2510 706 tenero,-

571 789 575 793 -
645 753 798 804 adhuc
822 751 916 800 filio
941 750 1056 799 Tuo
1079 747 1347 797 rediuiuum
1371 748 1448 797 Te
1473 747 1719 812 aliquando
1741 744 2005 812 conspiciet.
2072 745 2163 796 Sed
2187 746 2352 797 videor
2375 746 2492 798 mihi

644 854 738 902 iam
772 849 1037 917 augustiore
1067 847 1166 906 Te,
1206 863 1348 911 quarn
1379 847 1535 912 prius,
1573 845 1726 895 forma
1755 846 1969 895 contueri
2002 858 2138 909 atque
2171 860 2261 894 nos
2293 862 2317 895 a
2342 846 2492 913 lacry-

643 951 734 1001 mis
756 949 812 999 ad
849 947 1019 997 excelsa
1044 947 1130 1004 illa,
1164 946 1335 1010 quibus
1367 946 1457 994 iam
1493 944 1702 1010 perfusus
1732 960 1805 1004 ες,
1840 943 2009 1012 gaudia
2038 943 2169 1004 hilari
2204 957 2250 994 et
2283 943 2488 1012 glorioso
2562 972 2565 982 ι

641 1049 774 1099 vultu
808 1060 1057 1103 vocantem
1092 1043 1265 1094 audire.
1333 1044 1494 1108 Itaque
1530 1045 1690 1110 erigor
1721 1043 2006 1108 aliquantum
2036 1044 2084 1092 in
2118 1042 2209 1092 fine
2231 1043 2490 1104 Orationis,
2558 1059 2567 1095 ὲ

641 1148 896 1210 animoque
930 1145 977 1193 in
1017 1142 1168 1193 solatia
1205 1142 1471 1208 compofito
1505 1142 1797 1209 postremum
1828 1142 1944 1192 Tibi
1973 1142 2086 1192 dico
2125 1141 2254 1192 Vale.
2334 1142 2489 1192 BAR-

642 1248 795 1304 ΤΗΙ,
840 1243 1057 1295 DECVS
1105 1241 1470 1308 QVONDAM
1516 1241 1895 1301 NOSTRVM,
1932 1241 2108 1291 VALE
2142 1241 2225 1290 ET
2257 1239 2490 1297 SALVE‚

640 1344 875 1402 SALVE,
912 1340 1230 1410 INQVAM,
1267 1339 1360 1389 ET
1393 1340 1773 1390 SVPREMVM
1808 1339 1996 1390 VALE.
2093 1338 2234 1389 NOS
2269 1338 2361 1388 TE
2396 1338 2490 1389 EO
2561 1339 2567 1342 ⁴

710 1440 978 1493 ORDINE
1014 1438 1105 1489 AC
1139 1437 1359 1498 LOCO,
1396 1438 1544 1502 QVO
1578 1439 1890 1489 DIVINVM
1924 1438 2189 1487 NVMEN
2225 1437 2423 1487 IUSSE.

796 1538 940 1600 R1T‚
975 1535 1366 1605 SEQVEMVR.
1434 1536 1695 1586 BARTHI
1728 1536 1947 1588 DECVS
1983 1536 2334 1588 NOSTRUM

1458 1635 1679 1686 VALE.

2106 2691 2112 2697 ’
2211 2722 2475 2777 ORATlo
