2567 3470
2422 265 2424 267 .
2536 187 2541 275 l

668 337 742 399 96
1285 328 1394 405 'Q
1469 329 1534 403 )(
1575 351 1610 388 0
1650 329 1715 403 )(
1791 327 1902 405 -ss

667 449 2505 512 Qfflmfflmwffiafflmfflffimwffiw

938 583 1548 643 ORATIONES
1605 586 2245 644 PALATINA-E.

670 722 987 775 ORATIO
1056 728 1205 777 PRO
1271 726 1983 778 INAVGVRATIONE
2043 721 2517 807 ACADEMIAE}
2556 771 2567 779 ,

890 809 1374 853 ELECTORALIS
1430 807 2290 852 THEODORO-PALATINAE
2499 828 2503 833 ι

1180 896 1368 924 HABITA
1411 896 1453 923 D.
1488 895 1571 922 XX.
1604 895 1707 922 oc'r.
1737 894 2012 922 MDcCLXIu-

1010 966 1331 1000 MANHEMII
1368 968 1430 1000 1N
1471 965 1882 1000 BIBLIOTHECA
1926 965 2186 1000 PALATII.

803 1065 925 1114 ouu's
948 1065 1174 1114 Palatinus
1203 1066 1437 1125 Helicon,
1471 1065 1527 1116 ad
1558 1065 1698 1115 Nicri
1723 1065 2012 1115 confluentes
2033 1078 2078 1114 et
2104 1064 2272 1123 Rheni,
2307 1064 2355 1112 in
2380 1078 2528 1113 vene·
2555 1083 2567 1104 υ

671 1069 801 1220 N
849 1163 978 1213 rabili
1001 1163 1095 1213 hoc
1123 1163 1314 1214 Palladis
1340 1163 1533 1214 sacrario
1557 1163 1731 1214 solenni
1758 1165 2025 1214 ceremonia
2065 1162 2515 1230 inaugurandus·ex·'
2556 1177 2567 1208 -τ

674 1261 854 1329 surgit,
889 1261 1141 1313 Celfiffime
1172 1264 1299 1313 Sacri
1335 1264 1539 1314 Romani
1569 1264 1760 1329 Imperii
1802 1264 2058 1330 Princeps,
2095 1261 2542 1326 Archiaeprincipisv

674 1360 1032 1412 Germanorum
1062 1363 1250 1412 Palatini
1276 1363 1460 1430 Legate.
1529 1361 1692 1412 Visum
1718 1362 1781 1412 est
1809 1363 1984 1414 Carolo
2007 1360 2289 1420 TheodorO,
2310 1359 2514 1409 Electoti

676 1461 914 1525 Augusto,
937 1461 1171 1512 literarum
1195 1475 1240 1510 et
1268 1462 1435 1511 artium
1458 1477 1636 1528 magno
1655 1461 1849 1525 Statori,
1875 1462 2150 1510 Neccaranis
2178 1460 2227 1509 in
2251 1458 2515 1509 Odonianae

679 1556 804 1608 filuae
835 1558 962 1609 aditu
994 1558 1142 1611 Mufis
1167 1560 1264 1610 aliae
1286 1558 1467 1610 sorores
1489 1573 1542 1609 ut
1568 1561 1821 1626 iungantur
1842 1559 1898 1609 ad
1920 1559 2155 1609 Rhenum.

815 1692 981 1742 Visum
1014 1693 1077 1742 est
1100 1691 1172 1751 Ei,
1199 1691 1254 1742 ad
1278 1690 1470 1765 Caesar-is
1490 1693 1691 1758 Augusti
1718 1693 2020 1758 Imperatoris
2041 1692 2327 1759 exemplum,
2352 1693 2399 1742 in
2420 1677 2515 1759 ipso

679 1791 923 1859 Augustali
956 1791 1123 1841 Palatio
1156 1789 1236 1840 suo
1271 1806 1426 1840 nouus
1461 1790 1562 1850 ille,
1599 1790 1830 1841 familiaris
1870 1791 1966 1850 fibi,
1999 1806 2052 1841 ut
2088 1791 2277 1841 refideat
2315 1782 2516 1858 Apollo}

681 1889 859 1955 duplici
889 1892 1067 1940 ratione
1094 1903 1145 1940 ut
1167 1889 1396 1939 Palatinus
1424 1888 1616 1940 dicatur.
1683 1888 1850 1939 Visum
1875 1889 1940 1939 est
1965 1889 2044 1948 Ei,
2071 1890 2270 1940 instituta
2299 1890 2402 1940 haec
2427 1891 2518 1940 lite·
2542 1915 2543 1918 ¹

682 2003 894 2040 rarorum
923 1988 1145 2040 Sodalitas
1168 2003 1219 2037 ut
1241 1988 1509 2039 Academiae
1522 1989 1790 2039 Electoralis
1814 1989 2031 2039 Palatinae
2054 1988 2326 2056 insigniatur
2348 1989 2516 2057 elogioa

685 2088 890 2147 Patieris,
922 2087 1260 2138 Modestiffime
1284 2090 1520 2154 PrincepS,
1558 2088 1939 2139 ut‘Academiam
1961 2087 2258 2139 Theodoro·
2274 2088 2519 2140 Palatinam

687 2188 889 2238 literatus
910 2187 1039 2237 orbis
1060 2186 1298 2238 Vniuersus
1325 2187 1536 2252 appellet.

819 2318 972 2386 Quod
994 2319 1148 2383 itaque
1167 2317 1375 2369 summus
1396 2318 1469 2369 ille
1491 2320 1711 2369 omnium
1732 2320 1920 2370 orbium
1943 2319 2111 2370 arbiter
2132 2319 2329 2371 faustum
2352 2333 2396 2371 et
2416 2319 2519 2372 felix

689 2418 778 2468 effe
801 2420 972 2478 iubeat,
1004 2419 1234 2469 Octobris
1257 2418 1525 2486 Vigefimus
1557 2416 1696 2469 huius
1732 2420 1859 2468 Anni
1892 2435 2148 2469 MDcctxm.
2186 2419 2284 2469 dies
2317 2406 2549 2496 fortuna-i

692 2532 766 2568 tus
795 2518 866 2567 ille
897 2534 1158 2583 aureusque
1179 2517 1276 2567 dies
1299 2517 1388 2576 est,
1425 2534 1524 2583 quo
1550 2517 1800 2569 Academia
1822 2516 2519 2569 Electoralis>Theodoro-Pala-

693 2617 787 2668 tina
809 2617 1114 2668 Scientiarum
1142 2631 1188 2666 et
1209 2615 1563 2684 Elegantiorum
1585 2618 1844 2668 Literarurn
1878 2620 1925 2667 in
1947 2618 2205 2670 Annalibus
2231 2616 2401 2669 Mundi
2420 2613 2520 2666 (iios

2426 2713 2522 2782 figit
