2585 3485
673 324 783 404 ’Q
862 324 1109 407 )(,0>(
1188 322 1299 398 υἱὲ*
1827 341 1896 397 45

72 469 203 518 turo,
239 453 370 521 quod
404 452 539 502 nobis
579 449 786 516 praesens
824 448 948 514 quali
972 448 1190 505 fistimuS,
1226 445 1512 511 spectaculo,
1544 445 1646 495 Rex
1668 444 1876 494 Maxime
1889 464 1904 509 ;

68 557 143 607 sed
169 557 308 621 longe
342 553 550 601 laetiores
572 549 730 598 securo
752 548 871 607 hoc,
906 547 1037 611 quod
1069 544 1203 595 nobis
1225 545 1468 611 indulges,
1505 543 1635 608 quod
1666 543 1906 592 iucundis·

73 654 239 705 fimum
263 652 397 700 nobis
420 649 678 715 promittis,
714 648 814 697 otio
846 661 890 695 et
914 645 1263 709 tranquillitate,
1299 658 1439 706 quam
1460 643 1541 690 Tu
1564 641 1737 691 Galliae
1755 641 1906 700 Tuae,

71 752 103 803 fi
131 768 212 816 per
237 751 312 799 Te
340 750 471 806 licet,
507 746 795 796 conseruabis
829 758 1071 793 aeternam.
1141 744 1207 791 Ita
1231 743 1357 790 enim
1390 738 1603 805 profecto
1627 739 1690 788 est
1712 773 1726 797 ,
1762 739 1906 789 Audi-

70 862 220 906 tores‚
259 848 429 896 nullam
453 845 540 894 esse
564 847 788 894 maiorem
812 844 1086 907 Principum
1116 842 1323 906 ipsorum
1349 838 1634 896 felicitatem,
1672 855 1812 901 quam
1841 838 1907 910 ci·-

70 962 153 997 ves
189 946 291 995 suos
321 944 563 994 reddidisse
594 944 746 992 {elices
765 974 778 1000 ,
814 940 1058 990 reddidisse
1087 939 1378 989 felicissimos.
1448 935 1633 1009 Pendet
1661 935 1771 984 inde
1799 953 1907 986 vera

72 1058 116 1095 et
150 1043 286 1092 solida
308 1044 495 1108 Regum
516 1057 867 1108 regnorumque
899 1039 1202 1106 magnitudo,
1237 1038 1418 1092 diuinae
1442 1036 1503 1084 illi
1543 1034 1773 1100 potentiae
1796 1051 1907 1099 pro-

70 1143 217 1200 xima,
265 1158 380 1205 quae
405 1141 736 1188 beneficiorum
770 1140 918 1205 magis
938 1172 952 1196 ,
989 1154 1128 1202 quam
1162 1136 1394 1186 malorum
1427 1136 1475 1182 in
1505 1133 1722 1182 mortales
1752 1133 1908 1181 multi·

70 1337 283 1393 summus
321 1336 546 1402 regnandi
575 1335 736 1384 artifex
763 1336 915 1391 Diuus
939 1333 1201 1400 Augustus,
1236 1331 1317 1380 sul>
1346 1348 1444 1394 quo
1465 1331 1639 1396 gloriae
1671 1343 1714 1378 et
1739 1344 1908 1394 poten-

71 1437 159 1489 tiae
179 1436 364 1503 cultnen
396 1435 547 1483 Roma
572 1431 866 1489 conscendit,
901 1444 1002 1479 tum
1027 1430 1220 1497 demum
1253 1427 1524 1492 supremum
1546 1426 1646 1476 suae
1675 1411 1909 1492 magnitu-

73 1533 192 1592 dinis·
220 1532 449 1598 fastigium
479 1529 521 1580 se
547 1529 738 1597 attigisse
762 1528 985 1594 professus
1005 1528 1068 1577 est
1084 1562 1097 1587 ,
1130 1544 1240 1577 cum
1265 1526 1400 1577 Orbe
1432 1539 1594 1590 pacato
1626 1525 1791 1574 Ianum
1813 1525 1911 1573 clu-

71 1630 201 1685 fiss'et.
270 1628 454 1696 Qodfi
494 1643 646 1678 autem
692 1645 799 1677 veta
837 1643 1097 1694 regnorum
1134 1627 1282 1691 gloria
1320 1641 1377 1673 ex
1422 1640 1534 1689 pace
1566 1621 1796 1672 metienda
1833 1623 1911 1682 est,

73 1729 361 1785 Auditores,
395 1729 606 1792 quisnam
637 1727 739 1776 heic
768 1727 1060 1791 Principatus
1081 1741 1192 1773 cum
1229 1724 1376 1774 Gallia
1405 1722 1448 1770 se
1483 1725 1803 1780 committere,
1837 1722 1912 1771 vel

82 1823 253 1873 artibus
273 1824 395 1886 pacis
411 1825 726 1872 florentiorem
747 1826 910 1873 iactare
929 1823 971 1872 se
990 1823 1184 1875 audeat?
1222 1822 1468 1889 Quicquid
1487 1822 1532 1869 in
1550 1838 1660 1886 pace
1683 1837 1912 1888 magnum

78 1935 122 1970 et
143 1919 399 1978 excelsum,
426 1919 651 1983 quicquid
677 1921 801 1984 pacis
833 1920 1063 1984 praesidiis
1087 1919 1427 1984 promouendis
1459 1919 1766 1983 aptissimum,
1801 1919 1912 1968 illud

72 2019 295 2068 eminenti
315 2016 513 2081 quadam
533 2018 707 2066 ratione
726 2017 874 2068 ,Gallia
900 2016 1055 2077 fouet3
1080 2017 1212 2065 fouet
1236 2017 1510 2074 coniuncta,
1537 2031 1654 2079 quae
1675 2016 1794 2063 inter
1816 2017 1913 2081 plu-

77 2118 216 2166 rimas
242 2129 406 2182 gentes
440 2114 598 2179 paffim
627 2114 765 2162 diuisa
793 2117 1100 2178 reperiuntur.
1170 2113 1429 2163 Enimuero
1455 2114 1488 2162 fi
1513 2112 1720 2163 Numina
1749 2113 1913 2173 statim,

77 2215 248 2279 quibus
269 2211 507 2263 vastiffima
527 2213 566 2260 F
569 2213 737 2261 rancici
762 2212 950 2277 Imperii
977 2211 1124 2260 moles
1158 2228 1241 2277 per
1267 2210 1492 2260 tredecim
1522 2213 1613 2260 iam
1645 2208 1788 2261 secula
1818 2213 1914 2261 ani·

74 2326 255 2370 matur,
293 2297 585 2376 respicimus;
625 2311 693 2359 illa
718 2311 816 2359 lane
846 2325 915 2358 tot
941 2308 1314 2375 rariffimiSpa'cis
1339 2309 1589 2358 decoribus
1617 2312 1915 2376 reperiuntur

81 2407 350 2473 conspicua,
405 2422 457 2457 vt
489 2424 655 2457 omnes
692 2408 763 2456 vei
797 2407 1110 2456 illustrissimos
1149 2408 1366 2473 Europae
1399 2407 1690 2473 principatus
1727 2425 1784 2457 ex
1828 2409 1914 2458 hac

79 2523 273 2572 quoque
307 2520 432 2570 parte
468 2507 616 2555 Gallia
657 2504 791 2570 poffit
825 2521 1099 2569 prouocare.
1200 2503 1383 2556 Resedit
1415 2506 1626 2555 Maiestas
1672 2506 1719 2554 in
1751 2505 1912 2556 eadem

67 2603 257 2670 ,stmper
305 2601 539 2668 prosapia,
575 2619 691 2668 quae
725 2603 759 2652 si
789 2603 1033 2669 Philippos
1075 2602 1315 2664 AudaceS,
1349 2601 1381 2654 fi
1415 2603 1684 2654 Ludouicos
1716 2605 1912 2664 LeoneS,

404 2708 406 2711 ’
1029 2699 1069 2752 F
1106 2719 1128 2762 3
1815 2718 1912 2751 non

6 141 13 344 l

7 345 13 538 ἱ

6 786 13 1096 i

6 1129 13 1546 ἰ
73 1239 234 1302 tudine
257 1235 455 1288 maxima
476 1230 748 1305 aestimatur.
815 1237 894 1286 Ille
916 1236 969 1285 ab
996 1236 1212 1285 omnium
1245 1247 1370 1283 retro
1393 1232 1653 1280 seculorum
1681 1232 1909 1280 memoria

8 1883 12 1955 l

7 2028 13 2068 ι

8 2361 13 2391 ι

9 2658 13 2692 z

9 2698 13 2862 l

9 2865 13 2899 ι

10 3081 14 3153 ,ἰ

11 3204 14 3238 ι

11 3330 14 3366 Ι
