2618 3485
675 343 709 393 6
1285 339 1393 418 'Q
1469 340 1533 416 )(
1574 363 1609 401 0
1650 341 1716 418 )<
1791 345 1903 420 est*

673 469 743 507 tot
779 459 940 508 laureis
969 459 1266 511 condecorari
1296 462 1412 514 fama
1451 466 1522 515 vel
1550 467 1879 519 remotissimos
1911 469 2058 521 Orbis
2092 472 2279 522 habitati
2311 462 2515 542 populosi

668 555 723 605 ad
762 570 907 606 tantae
941 559 1190 623 Majestatis
1221 565 1702 629 contemplationem,
1748 567 1804 621 ad
1846 581 1916 616 tot
1953 569 2306 635 triumphorum
2339 572 2516 639 specta-

671 654 830 702 culum
874 657 1103 707 excitaret.
1139 673 1146 682 ⁸
1216 661 1374 725 A-tque
1418 663 1558 728 hujus
1599 666 1711 713 tanti
1752 665 2034 716 Mon-archae
2077 668 2396 734 digniffimum
2435 672 2511 722 Te

671 754 1023 820 maximumque
1061 757 1379 808 Successorem
1413 761 1555 811 hodie
1600 777 1848 812 veneratur
1885 764 2032 814 Gallia
2076 765 2215 825 Tua,
2261 769 2511 820 LVDO-

679 851 900 912 VICE,
946 855 1046 904 Rex
1081 856 1450 916 Gloriofiffime‚·
1501 861 1679 920 Gallia,
1728 862 1946 926 inquam,
1999 863 2136 923 Tua,
2193 840 2312 929 quae
2346 868 2394 915 in
2438 872 2505 917 Te

668 950 949 1016 generosum
978 954 1106 1002 illum
1134 955 1440 1009 Ludovieiani
1465 958 1696 1025 sanguinis
1733 962 1967 1027 vigorem,
2002 962 2240 1012 Heroieos
2261 964 2363 1012 illos
2385 963 2515 1029 spiri-

668 1061 775 1107 tus,
845 1064 890 1099 et
931 1053 1140 1103 diuinam
1185 1055 1305 1104 illam
1345 1057 1553 1106 indolem
1596 1058 1868 1107 laetabunda
1911 1059 2007 1123 jam
2058 1060 2242 1124 pridem
2286 1062 2512 1129 agnoscit,

669 1145 802 1215 Qid
827 1148 1050 1213 superest,
1079 1153 1416 1219 Augustiffime
1446 1157 1730 1215 Monarcha‚
1787 1146 1930 1221 quam
1961 1172 2007 1206 vt
2027 1151 2143 1218 nos,
2198 1160 2520 1224 multiplicatis·

666 1257 739 1293 tot
760 1245 1029 1306 illustribus,
1064 1266 1181 1313 quae
1206 1269 1294 1316 pro
1328 1253 1404 1301 Te
1426 1256 1752 1320 concepimus,
1794 1256 1947 1314 votis>
1991 1257 2112 1306 illam
2137 1274 2331 1322 quoque
2362 1258 2513 1323 publi-

667 1360 768 1392 cam
803 1347 1094 1411 populorum
1120 1353 1491 1414 expectationem
1531 1353 1689 1416 pallim
1724 1352 2071 1419 solemniterque
2110 1373 2237 1404 nunc
2276 1356 2513 1420 praedice-

668 1457 775 1493 mus
796 1476 809 1502 ,
847 1457 892 1493 et
910 1445 983 1493 vel
1008 1463 1033 1494 e
1061 1447 1328 1514 longinquo
1359 1450 1648 1515 Majestatem
1671 1451 1830 1499 Tuam
1870 1453 2056 1500 reueriti
2092 1453 2333 1517 publicum
2365 1454 2519 1512 nostri·

666 1541 716 1612 in
751 1540 1040 1593 Te'ardoris
1081 1546 1416 1596 testimonium·
1443 1547 1559 1597 solio
1608 1549 1724 1598 Tuo
1764 1548 2110 1599 admoneamus.
2212 1551 2521 1602 Praestantid?

666 1638 809 1689 hodie
852 1643 1318 1709 Argentoratensium
1355 1647 1579 1695 Tuorum
1610 1646 1789 1697 Ciuitas
1833 1661 1878 1696 et
1909 1648 2183 1697 Studiorum
2207 1650 2511 1705 Vniuersitas:

666 1755 785 1804 quae
832 1756 941 1790 cum
973 1745 1094 1792 inter
1133 1744 1388 1808 postremas
1431 1747 1649 1803 Gallico,
1713 1747 1789 1794 cui
1830 1762 1957 1794 nunc
1999 1762 2192 1810 praees,
2247 1747 2523 1825 accesserint?

669 1838 895 1902 imperio,
942 1839 1033 1888 fide
1070 1854 1224 1890 tamen
1252 1856 1297 1891 et
1331 1833 1555 1909 obsequio
1586 1860 1695 1910 erga
1716 1844 1793 1892 Te
1820 1844 1894 1891 vel
1927 1860 2037 1892 cum
2061 1845 2247 1909 primis,
2303 1846 2376 1894 vel
2400 1853 2546 1897 cumi.

668 1937 987 2000 antiquiffimis
1009 1954 1183 1989 certare
1213 1955 1457 1991 conantur.
1544 1943 1653 2008 Ego
1681 1959 1796 1992 vero
1816 1976 1829 2001 ‚
1875 1958 2019 2006 quem
2051 1943 2234 2007 publica
2265 1945 2521 1995 auctoritas·

666 2049 760 2084 tam
786 2036 952 2085 arduae
994 2038 1058 2085 rei
1084 2039 1386 2104 interpretem
1416 2041 1684 2102 eonstituit3
1740 2042 1821 2105 qui
1853 2042 2002 2106 prima
2035 2058 2161 2089 nunc
2202 2042 2305 2089 vice
2340 2055 2509 2091 treme-

665 2134 853 2183 bundus
880 2149 974 2183 tam
1002 2137 1164 2185 excelli
1198 2141 1463 2202 argumenti
1488 2139 1675 2203 vestigia
1700 2136 1897 2200 sequor-3
1931 2153 2074 2202 quem
2115 2139 2160 2186 in
2191 2138 2297 2203 ipfis
2323 2139 2518 2190 dicendi-

666 2234 937 2297 primordiis
971 2233 1043 2281 illa
1079 2233 1358 2284 Rhetorum>
1391 2235 1609 2301 praesidia
1653 2234 1911 2294 deficiunt,
1975 2230 2510 2303 subterfugerem'plane

667 2330 807 2394 hujus
837 2331 926 2379 loci
951 2333 1223 2398 negotiique
1249 2333 1599 2392 sublimitatem,
1637 2334 1718 2382 nifi
1749 2335 1904 2393 Tuas,
1942 2329 2383 2395 LVDOVICE,
2421 2338 2508 2386 vir-

668 2442 788 2479 tutes
835 2430 906 2477 ille
939 2430 1133 2479 demum
1173 2431 1375 2482 dicendo
1412 2438 1521 2481 vere
1557 2434 1864 2497 exprimeret,
1930 2434 2012 2497 qui
2058 2449 2135 2482 eas
2169 2433 2434 2499 simpliciter
2462 2444 2522 2484 et?

672 2544 806 2577 more
827 2529 1061 2593 majorum
1091 2530 1511 2581 commemorando
1539 2531 1752 2581 recenset.
1845 2533 2029 2581 Faciam
2062 2531 2152 2580 hoc
2169 2565 2183 2590 ,
2236 2532 2506 2592 Auditores,

671 2643 746 2686 ea,
783 2643 899 2691 quae
923 2623 1148 2687 affectui2'
1169 2645 1286 2694 quae
1312 2631 1467 2696 pietati
1499 2629 1676 2681 nostrae
1706 2641 1848 2696 quam
1871 2630 2072 2682 maxime
2095 2630 2347 2681 conuenire
2375 2630 2525 2683 vide-1

2416 2744 2504 2794 tur,
