2626 3490
713 329 821 405 ’Q
907 329 972 403 ><
1010 351 1045 388 0
1086 328 1150 403 ><
1225 327 1334 402 ff&
1775 345 1952 424 Lm,

106 474 260 516 ZELIL
279 456 565 526 imaginem
591 453 928 512 referentem,
952 454 1197 508 Statuum
1212 454 1336 507 olim
1353 455 1402 506 in
1426 450 1596 525 ipsum
1611 451 1954 510 Gubernato-

106 600 220 636 rem
251 598 301 635 et
331 580 717 637 Gubernatoris
744 595 883 632 nunc
911 579 960 630 in
987 578 1037 631 se
1061 577 1419 650 propensionis
1444 593 1494 632 et
1515 573 1731 633 affectus
1754 578 1955 636 testem,

102 704 491 778 Lippertianam
527 703 833 758 celebratam
857 720 1192 774 gemmarum
1225 718 1275 756 et
1309 699 1545 774 lapidum
1577 700 1951 759 collectionem,

105 830 270 885 multa
296 830 405 888 alia,
430 847 563 901 quae
580 828 845 882 ambitiose
858 844 1120 899 exponere
1143 826 1302 881 huius
1326 796 1425 880 loci
1445 823 1542 879 effe
1562 842 1664 878 non
1678 841 1953 898 putamus;

85 952 87 955 ’
107 951 254 1025 quod
268 972 393 1007 vero
408 956 642 1025 primum
657 971 707 1008 et
718 954 1063 1026 praecipuum
1078 967 1184 1005 erat
1198 968 1294 1005 nec
1308 968 1363 1005 ea
1378 965 1597 1023 propter
1612 950 1763 1003 taceri
1778 947 1955 1008 debet,

108 1075 366 1131 quenem
403 1077 817 1136 COBENZELIVM
857 1075 1028 1150 ipsum
1049 1114 1063 1137 ,
1105 1094 1212 1130 non
1257 1091 1320 1129 ex
1369 1072 1686 1128 academico
1707 1088 1955 1173 veterano

109 1206 259 1254 more
292 1199 401 1253 duo
442 1201 526 1254 vel
562 1218 694 1262 tres,
736 1199 822 1254 sed
856 1199 940 1254 sex
977 1218 1028 1255 et
1066 1199 1246 1273 plures
1279 1215 1438 1253 annos
1474 1213 1615 1251 tanto
1645 1196 1866 1251 Doctori
1894 1210 1956 1250 ex

109 1321 271 1380 Patris
309 1324 580 1380 voluntate
615 1324 868 1380 traditum
896 1338 947 1377 et
984 1341 1108 1377 cum
1149 1321 1264 1395 lpso
1294 1320 1562 1376 reducem.

208 1631 211 1634 ,
261 1569 448 1624 Fufius
497 1568 800 1641 aliquante,
862 1584 1018 1642 atque
1063 1570 1311 1641 primum¹
1360 1568 1465 1641 ipse
1512 1562 1954 1627 volueram,haec
2017 1624 2021 1626 v

113 1690 420 1766 prosecutus
460 1696 573 1747 sum
599 1728 615 1752 ,
670 1709 728 1747 vt
769 1692 1144 1765 cognosceretis
1185 1691 1289 1746 hoc
1328 1689 1635 1765 specimine,
1682 1691 1955 1765 Lectores,

118 1830 277 1885 quam
310 1815 461 1867 dulce
496 1816 554 1868 sit
591 1815 771 1868 audire
815 1832 1108 1870 narrantem
1138 1817 1329 1871 Senem
1362 1814 1631 1874 nostrum,
1673 1833 1776 1869 non
1807 1811 1953 1887 quod

117 1934 276 1990 huius
289 1939 462 1989 aetatis
476 1953 761 1990 commune
775 1939 963 1990 vitium
978 1938 1352 2010 est,loquacem
1366 1953 1454 1990 aut
1479 1937 1753 2007 garrulum
1780 1937 1952 2010 deque

122 2057 298 2113 rebus,
313 2075 445 2130 quae
462 2057 780 2114 nulliusvsus
793 2062 1144 2114 autmomenti
1171 2060 1281 2120 fint,
1300 2058 1463 2114 multa
1487 2057 1567 2111 vel
1599 2058 1849 2114 inuidiose
1868 2059 1952 2114 vel

117 2179 310 2253 frigide
347 2179 722 2254 disputantem,
763 2179 850 2235 sed
894 2180 1116 2256 suauiter
1139 2180 1462 2236 audientium
1505 2156 1655 2239 aures
1699 2184 1785 2244 iis,
1817 2201 1951 2257 quae

120 2306 348 2380 placeant
384 2305 630 2360 omnibus
676 2323 728 2360 et
769 2305 1001 2378 prosint,
1052 2304 1244 2378 quibus
1281 2304 1494 2379 poffint,
1558 2304 1948 2364 demulcentem

121 2446 294 2502 eoque
309 2446 413 2484 non
432 2428 527 2484 sale
540 2430 777 2502 quidem,
792 2427 877 2483 sed
895 2428 1037 2503 quod
1058 2427 1153 2484 sale
1165 2428 1438 2504 sapientius
1451 2428 1846 2485 condimentum
1861 2431 1951 2493 est,
2030 2427 2036 2432 ’

119 2555 228 2607 veri
264 2552 491 2627 bonique
528 2550 674 2611 sensu
709 2552 974 2609 sermones
1007 2552 1373 2615 condientem,
1420 2568 1477 2609 vt
1509 2570 1657 2610 acuat
1680 2553 1947 2613 audientes

1082 2694 1121 2733 x
1486 2713 1488 2715 >
1813 2678 1948 2750 ipsos

1612 2776 1641 2801 0
