2503 3444
678 229 802 370 'Q¹
867 291 939 365 “)(
979 313 1015 351 0
1051 289 1119 364 ><
1200 289 1310 365 st*
1844 306 1915 367 ‘59

75 425 262 478 Tecum
295 418 418 487 quali
451 416 520 468 illa
555 416 738 483 publica
777 415 939 465 literati
974 414 1102 465 orbis
1146 413 1365 474 felicit-aS,
1403 414 1513 464 illud
1556 413 1781 464 eximium
1817 430 1916 481 prae

72 524 172 576 aliis
194 521 330 571 huius
361 493 625 567 Academiae
656 515 798 565 decus
831 512 1069 578 exspirasse
1104 511 1335 562 videntur.
1404 513 1537 580 Ergo
1571 513 1678 571 Tu,
1714 513 1914 579 Optime

45 609 53 615 ’
81 634 269 674 tuorum
295 617 450 674 Pater,
486 615 578 664 hoc
600 631 740 680 quam
769 613 971 664 maxime
1000 627 1239 677 tempore,
1272 611 1409 661 rebus
1443 612 1618 676 ubique
1652 612 1916 662 conclama-

80 719 159 778 tis,
194 733 292 782 quo
324 716 454 766 altius
481 713 595 778 quid
630 713 801 763 coelum
837 711 1002 761 m‘inari
1037 709 1249 769 videtur,
1286 724 1389 774 quo
1420 725 1542 759 unus
1576 710 1787 759 nostrum
1819 724 1918 761 eras

73 814 309 873 solatium,
342 830 439 879 quo
471 813 586 862 Tuo
622 799 715 862 fere
749 824 928 861 tantum
963 810 1119 876 spiritu
1150 808 1449 865 vivebamuS,
1484 807 1644 857 Tuam
1675 808 1797 857 illam
1833 808 1922 857 do·

74 929 238 972 mum,
273 926 345 963 tot
375 929 474 965 cara
496 911 619 961 Tibi'
641 912 861 977 pignora,
898 925 1004 974 quae
1040 906 1258 957 ineffabili
1279 907 1377 956 Tui
1409 905 1635 957 desiderio
1667 919 1918 972 anguntur,

70 1011 271 1071 „coelestis
302 1010 459 1078 gaudii
488 1011 652 1076 plenus
681 1009 916 1074 relinquis.
984 1007 1225 1072 Relinquis
1259 1006 1484 1064 omnim,
1521 1018 1566 1054 et
1599 1005 1657 1055 ita
1679 996 1782 1055 ¹iam
1818 1005 1921 1055 reli-

70 1109 240 1176 ¹quisti,
277 1123 327 1158 ut
346 1110 402 1159 ab
428 1111 561 1159 omni
594 1109 758 1159 mortis
787 1122 965 1158 terrore
989 1107 1127 1165 liber,
1164 1106 1298 1155 nullis
1331 1105 1464 1171 plane
1500 1121 1659 1154 rerum
1695 1103 1921 1154 humana-

76 1224 189 1260 -rum
228 1208 351 1257 curis
387 1208 626 1257 obnoxius
651 1241 664 1267 ‚
700 1207 862 1256 eadem
893 1221 981 1271 qua
1011 1207 1192 1255 vixeras
1224 1205 1636 1270 magnanimitate,
1674 1201 1923 1253 moribun-

81 1305 197 1356 dum
224 1306 300 1355 Te
328 1322 520 1370 quoque
542 1305 810 1354 ostenderis.
876 1306 943 1355 Ita
973 1303 1126 1353 nostra
1156 1317 1282 1353 certe
1313 1301 1547 1352 duriffima
1573 1300 1637 1350 est
1660 1299 1783 1360 sors,
1812 1301 1923 1352 Tua

85 1404 189 1455 felix
209 1418 253 1454 et
273 1417 500 1453 aeternum
522 1403 642 1452 felix.
711 1406 776 1454 Ita
807 1402 994 1452 tandem
1028 1402 1084 1452 ad
1117 1418 1276 1452 veram
1306 1401 1453 1459 illam,
1490 1416 1633 1464 quam
1668 1400 1805 1448 toties
1841 1416 1925 1448 an-

85 1503 263 1562 helasti,
296 1501 593 1567 securamque
615 1502 756 1551 animi
777 1502 984 1566 quietem
1010 1501 1142 1549 laetus
1167 1498 1382 1548 tranfiisti.
1453 1485 1783 1548 Emaceratum
1810 1495 1924 1546 illud

73 1617 258 1669 ‚corpus
286 1603 453 1652 Tuum
477 1635 491 1661 ,
525 1600 657 1667 quod
696 1614 766 1650 tot
802 1599 1144 1649 infirmitatibus
1184 1598 1407 1649 haetenus
1445 1597 1806 1659 conflictatum3
1844 1596 1923 1666 cui

74 1713 306 1766 *tanquam
329 1699 555 1766 ergastulo
576 1700 682 1748 Tua
704 1699 930 1747 excellens
961 1700 1113 1747 anima
1143 1695 1289 1747 fuerat
1322 1695 1514 1755 inclusa,
1550 1696 1607 1746 ad
1647 1696 1719 1746 sua
1752 1695 1923 1753 reditu-

89 1816 194 1849 rum
215 1798 278 1848 est
300 1797 578 1863 primordia,
613 1810 665 1846 ut
699 1798 747 1845 in
769 1794 1000 1846 coelestem
1024 1794 1259 1860 quandam
1283 1812 1336 1846 ac
1364 1796 1681 1844 immortalem
1711 1808 1924 1849 naturam

90 1896 331 1963 pereundo
355 1895 648 1945 reformetur.
714 1895 844 1945 Dum
871 1894 1035 1943 melior
1058 1909 1160 1958 pars
1180 1894 1280 1942 Tui
1298 1895 1418 1943 inter
1440 1891 1648 1941 sublimia
1667 1891 1924 1942 coelestium

90 1996 342 2062 geniorum
379 1994 694 2051 commercia,
729 1993 777 2042 in
820 1993 1010 2042 aeternis
1044 1991 1128 2040 illis
1171 1990 1416 2040 beatorum
1456 1990 1628 2055 palatiis
1659 2022 1672 2047 ,
1717 1987 1922 2038 sublimis

94 2094 399 2158 perennisque
427 2091 695 2157 triumphat.
762 2090 853 2142 Sed
882 2106 979 2140 non
1006 2090 1161 2139 minus
1190 2090 1238 2138 in
1262 2089 1355 2138 hoc
1384 2087 1567 2139 mortali
1596 2103 1701 2136 aeuo
1725 2087 1926 2137 immor-

94 2191 189 2242 talis
209 2207 399 2257 quoque
422 2191 731 2257 perennisque
757 2189 1029 2255 triumphas.
1097 2188 1204 2246 Tu,
1238 2188 1319 2252 qui
1349 2187 1396 2236 in
1421 2203 1529 2245 ore,
1567 2186 1648 2250 qui
1677 2185 1724 2234 in
1759 2185 1930 2235 menti-

96 2288 182 2339 bus
212 2291 428 2340 omnium
457 2304 582 2351 eras;
625 2290 710 2338 Tu
735 2321 750 2350 ,
795 2289 877 2354 qui
919 2287 1124 2337 nominis
1154 2284 1478 2353 magnitudine
1521 2283 1790 2333 universum
1833 2283 1927 2333 fere

96 2387 263 2437 orbem
293 2388 504 2452 aequabas
525 2420 539 2446 ‚
583 2403 708 2437 nunc
739 2387 906 2454 gloriae
933 2386 1059 2436 Tuae
1090 2385 1391 2435 diuturnitate
1409 2417 1423 2443 ,
1457 2397 1503 2433 et
1536 2396 1706 2432 aeterna
1736 2380 1930 2447 scripto-

101 2499 208 2535 tum
236 2486 459 2535 Tuorum
496 2484 628 2536 laude
657 2485 828 2536 vastam
862 2498 1133 2550 temporum
1165 2481 1532 2549 profunditatem
1564 2479 1782 2544 aequabis.
1848 2478 1931 2529 Vi-

104 2596 210 2658 νςε,
242 2583 412 2635 excelsa
452 2584 638 2646 anima,
673 2584 721 2634 in
754 2583 875 2635 coelo
895 2616 910 2644 ‚
946 2583 1077 2631 vives
1112 2582 1160 2630 in
1191 2594 1343 2643 terra,
1378 2579 1530 2631 donec
1566 2579 1713 2630 virtus
1733 2610 1747 2639 ‚
1781 2577 1934 2627 donec

975 2679 1028 2731 H
1061 2696 1122 2754 ἣν
1784 2672 1933 2725 erudi-
