2503 3444
674 305 1303 384 Q><0><2ss
1481 285 1493 294 ‘
1808 331 1918 388 149

86 437 224 488 maris
262 432 427 501 spatia,
470 428 615 496 syrtes
646 442 783 494 atque
824 429 1024 493 penicula
1046 463 1059 488 ,
1098 444 1232 478 teirae
1271 431 1513 495 appuleiit.
1598 434 1832 499 Appulisti
1868 448 1916 486 et

85 533 166 583 Tu
187 532 244 582 ad
276 529 538 580 aeternitatis
569 541 787 592 portum,
819 526 1072 576 Beatisfima
1111 530 1302 585 Anima,
1338 544 1383 578 et
1413 529 1577 578 fiueris
1607 533 1696 580 iam
1723 536 1916 598 pmiore

84 629 155 680 illa
198 643 338 686 aura,
393 643 534 690 quam
582 626 770 691 piorum
827 625 1047 674 Manibus
1098 625 1337 691 affigmvit
1390 627 1698 679 miseiicmdia
1743 632 1915 683 divina.

85 727 253 776 Fruere
286 726 357 774 illa
385 738 638 782 aeternum,
672 737 993 786 aeternumque
1027 723 1152 771 Vale,
1253 723 1472 772 Vestrum
1516 728 1578 774 est
1598 761 1611 785 ,
1646 729 1914 781 Academici

82 802 253 881 Cives,
287 823 476 890 Optimi
508 822 612 870 Viri
647 819 786 870 funus
819 819 1048 884 frequenti
1076 822 1300 870 comitatu
1332 822 1598 882 honestire,
1635 841 1772 891 atque
1797 830 1915 879 adeo

83 919 188 986 post
244 934 448 969 mortem
504 936 695 984 quoque
741 919 935 967 virtutes
991 920 1089 968 eius
1132 928 1262 984 grata
1317 921 1640 971 recoidatione
1690 929 1914 976 venei-ari.

80 1019 240 1069 Invito
268 1020 371 1067 Vos
398 1019 542 1067 veteri
575 1017 794 1066 formula:
833 1012 1219 1067 Μοίεῇετὸῖὲὴίο
1250 1020 1466 1083 exequias
1500 1021 1668 1083 quibus
1694 1022 1757 1071 est
1780 1041 1914 1076 com-

67 1113 299 1164 modum
317 1116 407 1173 ire,
443 1116 532 1164 iarn
568 1128 754 1179 tempus
786 1115 875 1173 est,
907 1116 1026 1164 ollus
1064 1115 1208 1164 hodie
1249 1115 1488 1174 efferetur,
1525 1117 1638 1168 hora
1667 1137 1690 1169 a
1700 1123 1916 1173 meridie

87 1212 235 1277 prima
262 1245 277 1270 ‚
324 1228 381 1261 ex
430 1212 584 1261 Tribu
629 1212 906 1264 Cerdonum
953 1213 1009 1261 ad
1046 1213 1306 1285 Templum
1343 1214 1401 1264 D.
1431 1215 1588 1274 Petri,
1635 1231 1686 1267 ut
1720 1222 1917 1273 vocatur

216 1309 364 1375 vulgo
377 1343 389 1367 ,
422 1311 650 1369 Senioris,
685 1325 820 1374 arque
859 1310 967 1358 inde
1000 1310 1056 1359 ad
1097 1311 1159 1363 D,
1187 1312 1385 1360 Helenae
1424 1301 1780 1367 Coemeterium.

315 1406 405 1457 PP.
426 1407 729 1475 Argentorati
750 1409 814 1457 V.
841 1407 988 1457 Eidus
1011 1408 1300 1460 Decembres
1322 1427 1367 1465 A.
1390 1426 1684 1462 Muccxxxvl.
