2503 3444
677 298 788 377 'Q
866 298 1117 375 )(0)(
1190 301 1302 376 ὥς)
1840 315 1911 373 89

83 424 304 495 sexaginta
335 422 593 489 haruspices
626 422 814 473 fuerunt
836 425 980 473 electi.
992 444 1009 453 2‘
1050 424 1237 474 Graecae
1266 422 1342 472 hae
1364 435 1408 472 et
1435 423 1637 481 Latinae,
1661 436 1769 487 quae
1793 424 1913 472 rec-i-

83 523 314 581 tabanthr,
350 523 602 573 Orationes
632 522 837 571 florentis
861 524 952 570 iam
973 534 1074 570 tum
1101 523 1149 569 in
1170 521 1318 571 Gallia
1339 521 1619 586 eloquentiae
1641 519 1744 570 sunt
1767 520 1911 570 testes.

84 625 136 675 In
157 622 326 679 Gallia,
355 620 463 685 cjuae
485 620 740 669 Herculem
764 620 1004 685 Ogmium
1032 617 1262 668 facundiae
1284 620 1458 677 Deum,
1494 620 1640 669 aureis
1662 619 1832 668 catenis
1855 634 1913 667 ex

83 737 161 772 ore
196 718 555 799 procedentibus
586 718 801 767 mortales
834 717 1085 783 ligantem,
1119 715 1270 782 prisco
1307 717 1434 765 cultu
1459 730 1670 766 venerata
1705 717 1780 765 est.
1846 717 1912 765 Si-

83 806 236 870 milem
280 818 580 884 ingeniorum
628 816 974 868 aemulationem
1014 816 1121 864 aluit
1172 831 1367 879 quoque
1412 826 1546 864 vetus
1591 812 1915 880 Tectosagum

81 916 363 981 metropoliS,
399 932 506 981 quae
539 912 750 965 Palladia
774 913 885 963 hinc
907 931 932 964 a
953 913 1153 964 Martiali
1180 913 1435 980 appellatur
1469 914 1516 963 T
1508 909 1634 977 olqllz.

206 1117 441 1163 Renouata
481 1111 581 1162 sunt
614 1112 774 1162 medio
807 1129 913 1161 aeuo
946 1111 1241 1176 Eloquentiae
1273 1111 1548 1168 certamina,
1583 1109 1836 1160 constituto
1861 1113 1911 1160 in

81 1212 260 1275 antiqua
284 1211 367 1261 hac
403 1212 618 1269 Ciuitate,
654 1210 734 1259 sub
757 1210 908 1260 Seculi
937 1209 1107 1259 decimi
1137 1211 1287 1273 quarti
1316 1208 1610 1273 primordiis,
1643 1209 1911 1258 Rhetorum

82 1308 320 1376 Collegio‚
356 1327 465 1359 cum
492 1310 716 1373 reliquam
752 1308 846 1357 fere
875 1308 1115 1379 Europam
1147 1306 1280 1357 densa
1312 1308 1566 1356 litterarum
1600 1307 1912 1357 humanarum

81 1406 359 1472 oppreffiffet
383 1408 545 1474 caligo.
613 1407 738 1471 Quis
761 1405 965 1454 vestrum
990 1407 1198 1467 ignorat,
1233 1405 1515 1462 Auditores,
1543 1420 1746 1453 annuam
1773 1418 1817 1453 et
1838 1404 1913 1453 so-

80 1505 261 1554 lennem
285 1504 536 1564 Ludowmz,
566 1521 686 1569 quos
712 1517 896 1561 vocant,
923 1502 1188 1560 Floralc'mn,
1223 1501 1329 1568 ipfis
1359 1502 1475 1552 Maii
1493 1501 1736 1561 Calendis,
1770 1502 1912 1551 inilia

78 1580 192 1652 vrbe
228 1604 564 1661 celebritatem,
600 1620 689 1666 qua
730 1597 966 1666 hOdieque
997 1601 1277 1665 eloquentiae
1323 1601 1540 1665 prosaicae
1583 1614 1722 1664 atque
1755 1601 1908 1667 ligatae

77 1717 250 1767 magno
271 1703 543 1751 certantium
568 1717 767 1753 numero
796 1699 1125 1764 producuntur
1148 1698 1412 1765 specimina,
1448 1712 1494 1748 et
1522 1711 1725 1762 quatuor
1752 1700 1906 1749 victo-

76 1799 206 1848 ribus
237 1798 523 1856 Amaranthi,
552 1798 765 1856 Leucon,
793 1797 894 1845 Lilii
914 1811 958 1845 et
981 1795 1267 1863 Heliotropii
1289 1797 1428 1849 flores
1452 1813 1509 1846 ex
1534 1813 1666 1855 aur0,
1696 1809 1908 1863 argento,

78 1897 250 1960 praeuia
277 1896 435 1945 caussae
460 1896 759 1961 cognitione,
795 1894 1110 1944 decernuntur
1139 1895 1357 1959 praemia3
1392 1894 1650 1944 constitutis
1671 1911 1728 1943 ex
1752 1895 1908 1945 Octo-

76 1974 316 2052 uirorum,
354 2007 406 2044 vt
446 1994 509 2042 ibi
542 2007 767 2043 vocantur
794 2026 806 2051 ,
843 1992 1220 2058 Capitolinorum
1262 1993 1430 2043 ordine
1451 2026 1464 2050 ,
1494 1992 1640 2041 tribus
1673 1994 1906 2059 Agonum

79 2092 328 2150 iudicibus,
362 2092 443 2157 qui
471 2092 808 2141 antentores
830 2106 1059 2140 vocantur
1088 2106 1133 2140 et
1154 2090 1570 2142 Hellanodicarum
1598 2106 1754 2148 more,
1790 2088 1907 2139 serio

80 2189 186 2239 huic
215 2190 393 2240 ludicro
420 2189 683 2239 ordinando
710 2188 810 2237 sunt
831 2188 1050 2238 destinati.
1120 2189 1404 2255 Clementia,
1436 2205 1494 2239 ex
1525 2188 1700 2239 vetusta
1730 2186 1907 2238 Isauro-

82 2303 184 2336 rum
217 2288 411 2338 oriunda
445 2287 676 2353 prostpia,
711 2288 797 2336 hos
821 2286 957 2335 ludos
990 2286 1192 2336 instituit.
1276 2288 1552 2353 Sepulcralis
1585 2286 1824 2352 inscriptio
1858 2273 1920 2336 in⁴

80 2385 326 2450 Stylobate,
359 2389 433 2434 cui
457 2386 592 2435 statua
617 2386 713 2434 eius
734 2386 781 2434 in
804 2385 1039 2449 Capitolio
1069 2384 1308 2434 Tolosano
1338 2385 1518 2444 insistit,
1548 2385 1795 2448 conspicua
1817 2384 1906 2432 do-

83 2496 177 2541 cet,
212 2483 490 2533 celebrandis
515 2483 586 2533 his
621 2484 739 2533 ludis
763 2482 925 2532 rustica
948 2496 993 2531 et
1017 2483 1189 2532 vrbana
1221 2484 1394 2548 praedia
1425 2482 1500 2533 sua
1523 2481 1756 2533 destinasse
1788 2481 1906 2533 Isau-

85 2595 215 2640 ram3
249 2579 399 2632 addita
436 2580 705 2633 conditione
725 2615 738 2641 ,
783 2594 835 2631 vt
863 2594 1078 2645 tempore
1109 2580 1338 2632 ludorum
1365 2581 1480 2632 rosae
1511 2580 1568 2632 ad
1608 2580 1705 2632 eius
1737 2594 1908 2629 monu-

150 2673 267 2731 Pars
289 2676 352 2737 Il.
877 2688 880 2691 '
970 2677 1030 2728 Μ
1775 2692 1909 2727 men·
