2567 3470
632 317 745 406 364
1230 333 1340 410 *Q
1417 333 1664 410 )('0)(
1743 336 1855 413 ψ’

761 454 842 506 ΧΙ.
912 454 1228 506 Alexandrum
1259 459 1337 508 III.
1383 457 1663 509 Pontificem
1704 459 2006 526 Imperatoris
2044 459 2268 512 Friderici
2302 462 2470 517 Barba⁴
2544 495 2547 510 2

627 553 777 613 roffae,
811 554 866 604 ad
889 555 1032 620 pedes
1065 556 1304 606 pontificis
1336 558 1573 622 prostrati,
1609 559 1784 607 collum
1824 558 2021 623 pedibus
2051 561 2363 624 compreffiss'e
2387 579 2471 628 pet

626 652 826 717 plurima
848 653 993 704 secula
1024 655 1255 705 creditum
1281 655 1359 714 est,
1393 670 1437 705 et
1466 657 1661 723 integrae
1693 656 1794 706 sunt
1815 657 2112 722 Scriptorum
2132 658 2367 718 cohorteS‚
2387 661 2470 725 qui

625 749 720 800 hoc
755 752 984 802 tradidere
1024 768 1069 803 et
1102 754 1243 804 hodie
1278 755 1479 804 tradunt.
1575 754 1880 806 Doctiffimus
1912 770 2036 804 certe
2073 756 2382 827 Spanhemius
2423 759 2471 808 in

625 849 825 913 Htstoria
852 850 1102 915 Christiana
1138 870 1332 902 omnem
1361 851 1563 917 lapidem
1595 854 1773 912 movit,
1811 868 1863 902 ut
1891 853 2028 903 huius
2056 853 2317 904 traditionis
2346 856 2468 906 veri-

623 961 763 999 tatem
801 950 1023 999 stabiliret.
1114 942 1203 1000 Sed
1240 951 1310 1000 illa
1345 966 1431 999 nos
1458 952 1617 1001 omnia
1647 967 1746 1001 non
1781 966 2006 1012 movent,
2047 968 2144 1016 quo
2181 953 2337 1002 minus
2371 970 2471 1005 rem

624 1045 759 1105 hanc,
785 1050 896 1097 tanti
924 1049 1152 1114 Principis
1176 1049 1439 1099 charactere
1470 1049 1728 1116 indignam,
1752 1049 2017 1116 legionibus
2041 1050 2124 1099 illis
2143 1050 2417 1111 fabularum,
2446 1068 2468 1102 a
2548 1092 2551 1106 ,

621 1145 939 1212 Scriptoribus
965 1148 1231 1213 posterioris
1254 1149 1342 1196 aevi
1367 1145 1722 1212 producta'rum‚
1753 1147 2086 1198 accenseamus.

756 1245 857 1295 XII.
925 1247 1131 1296 Novum
1157 1247 1338 1305 orbem,
1362 1262 1506 1310 quem
1531 1247 1761 1296 Recentes
1786 1247 2055 1297 Americam
2084 1246 2261 1307 dicunt,
2285 1249 2470 1299 Veteri·

621 1342 708 1392 bus
740 1344 830 1392 iam
867 1343 995 1394 fuisse
1021 1347 1272 1412 cognitum
1300 1344 1489 1394 asserere
1513 1345 1704 1409 quidam
1740 1347 1895 1395 conati
1924 1346 2050 1407 [unt3
2088 1344 2160 1394 sed
2185 1346 2307 1395 haud
2345 1347 2466 1396 felici

618 1439 718 1490 satis
740 1444 996 1492 ratiocinio.
1068 1446 1219 1493 Merae
1242 1443 1344 1493 sunt
1367 1444 1666 1502 coniecturae,
1697 1457 1775 1494 aut
1797 1443 1972 1493 somnia
2003 1444 2312 1510 vigilantium.
2363 1446 2464 1494 Ne-

619 1554 713 1603 que
746 1542 875 1589 enim
904 1541 979 1590 vel
1014 1541 1259 1591 Atlantica
1299 1541 1346 1590 id
1388 1540 1526 1591 insula
1553 1541 1787 1600 Platonis,
1825 1558 1933 1604 quae
1968 1541 2157 1590 fimilior
2190 1541 2354 1591 fabulae
2386 1542 2462 1602 est,

619 1653 763 1701 quam
784 1638 1179 1705 Chorographiae,
1199 1641 1273 1689 vel
1296 1639 1551 1703 Pomponii
1572 1639 1714 1688 Melae
1734 1638 2060 1689 Antichthones
2083 1641 2321 1700 evincunt,
2342 1655 2462 1705 quos

561 1785 563 1788 .
617 1751 676 1785 eo
702 1737 958 1787 Turnebus
991 1737 1143 1787 trahit.
1238 1738 1415 1801 Neque
1456 1735 1892 1803 Carthaginenfium
1926 1721 2244 1804 navigationes
2278 1740 2325 1788 in
2360 1755 2460 1789 eam

616 1835 941 1899 pertigerunt5
973 1852 1123 1899 quum
1155 1853 1212 1885 ex
1242 1835 1496 1886 Hannonis
1518 1834 1706 1898 Periplo
1736 1835 1938 1894 constet,
1965 1853 2107 1901 quam
2142 1853 2239 1886 non
2271 1837 2413 1904 longe
2437 1854 2461 1888 a

614 1933 854 1992 litoribUS‚
881 1935 927 1983 in
948 1934 1149 1985 Oceano
1173 1933 1451 2001 praesertim,
1485 1934 1704 1985 mortales
1728 1947 1907 1985 veteres
1941 1934 2183 1986 abscedere
2215 1935 2332 1996 ausi,
2366 1936 2459 1986 fere

614 2026 796 2097 semper
819 2048 949 2083 oram
974 2034 1185 2099 legerint.

746 2131 870 2181 XIII.
936 2132 1246 2201 Sehwederus
1284 2134 1330 2182 in
1376 2132 1500 2198 Jure
1533 2132 1722 2183 Publico
1760 2131 1879 2181 Part.
1913 2133 2037 2183 Gen.
2077 2133 2194 2198 Cap.
2222 2149 2269 2195 4.
2304 2137 2347 2198 §.
2382 2149 2454 2186 20.
2476 2177 2489 2190 ,
2552 2136 2553 2146 ’

613 2229 730 2277 male
758 2245 922 2278 contra
944 2230 1184 2280 Bodinum
1212 2231 1271 2280 de
1296 2231 1541 2281 Arelatensi
1565 2232 1735 2297 Regno
1762 2229 1982 2295 disputat3
2018 2230 2302 2291 afferentem,
2327 2230 2455 2297 quod

611 2323 849 2376 Henricus
876 2330 930 2375 V.
966 2329 1227 2392 Imperator
1253 2330 1476 2395 Regnum
1506 2328 1623 2378 istud
1648 2345 1758 2377 cum
1781 2329 2003 2378 omnibus
2035 2329 2211 2379 iuribus
2236 2330 2453 2395 Philippo

610 2425 806 2483 Valefio>
828 2426 991 2475 Galliae
1017 2427 1136 2492 Regi
1163 2428 1313 2491 pretio
1339 2427 1504 2477 CCM.
1533 2426 1703 2476 Pondo
1730 2427 1909 2493 argenti
1933 2426 2220 2477 vendiderit:
2259 2430 2453 2492 emptio-

609 2524 680 2572 nis
705 2533 872 2581 autem,
901 2525 1139 2574 solutionis
1173 2539 1216 2574 et
1241 2524 1483 2574 consensus
1506 2524 1750 2575 Ordinum
1781 2526 1971 2590 Imperii
2002 2526 2175 2575 tabulas
2201 2528 2247 2574 in
2266 2527 2453 2592 Regum

607 2621 772 2672 Galliae
789 2611 1016 2673 *Archivis
1043 2638 1214 2678 extare.
1284 2624 1404 2674 Non
1437 2624 1651 2691 intelligit
1682 2622 1900 2675 ssodinus
1923 2624 2190 2674 Henricum
2206 2658 2218 2684 ,
2249 2626 2329 2690 qui
2353 2623 2453 2672 vul·-

2333 2736 2453 2789 gari-
