2503 3444
0 665 2 727 l

973 110 1034 156 s„

660 302 769 379 'Q
844 300 909 376 ><
949 321 986 360 0
1025 298 1090 374 )(
1166 299 1294 377 ὦ*
1819 321 1888 379 81

45 428 224 508 geriem
248 431 378 484 latius
398 425 658 494 explicaret.
724 425 821 475 Hic
845 426 948 475 Vos
979 423 1097 474 mihi
1120 422 1436 490 compellandi
1471 424 1574 477 estis
1585 458 1600 486 ,
1635 425 1741 477 Viti
1769 426 1892 477 Am-

45 532 254 602 pliffimi,
289 526 472 579 illustria
504 524 771 576 Academiae
802 525 971 574 nostrae
1001 522 1203 583 decora,
1236 539 1294 573 ex
1325 540 1532 589 quorum
1563 527 1888 592 ore‚pendere

45 630 283 698 singularis
319 626 541 679 Defuncti
578 624 731 674 Nostri
766 624 954 675 felicitas
991 637 1036 673 et
1072 624 1221 691 gloria
1253 623 1370 674 fuit:
1421 639 1539 673 num
1573 626 1706 676 cuius
1736 627 1891 678 Vobis

0 786 2 797 y
48 728 198 794 culpae
220 728 270 776 in
297 726 390 776 hoc
416 724 647 776 Auditore
671 722 932 788 Vestroque
963 722 1080 773 adeo
1104 723 1282 772 cultore
1305 721 1522 789 lingulati
1552 723 1723 774 conscii
1755 725 1891 783 estis?

49 843 164 880 num
197 825 313 891 quid
336 841 545 889 unquam
569 825 616 873 in
638 826 740 873 Vos
771 822 975 882 admisit,
1009 839 1109 888 quo
1134 821 1350 872 Vestram
1381 823 1497 872 iram
1529 823 1787 874 incurrisset
1817 839 1895 878 aut

0 2564 4 2606 Ϊι

0 2622 9 2670 l

50 923 341 994 provocasset
363 924 737 990 indignationem
752 923 777 970 ’.Ρ
815 925 890 972 An
921 938 1019 972 non
1047 922 1223 987 ubique
1244 920 1459 973 Vestram
1479 921 1537 971 de
1561 921 1660 989 ipio
1684 939 1896 990 expecta-

52 1025 229 1076 tionem
249 1037 325 1073 aut
347 1022 530 1073 abunde
560 1023 796 1088 impleuit,
832 1036 909 1071 aut
934 1035 1057 1071 certe
1089 1021 1344 1087 {uper-auin
1382 1036 1434 1073 ut
1465 1023 1557 1073 iam
1578 1023 1694 1072 olim
1722 1023 1841 1073 istud
1873 1041 1898 1077 a
1926 1051 1934 1054 ⁶

44 1122 202 1177 ,Vobis
240 1122 470 1188 acceperit
500 1122 710 1188 elogium
735 1154 749 1178 ,
786 1135 832 1170 et
871 1137 998 1170 nunc
1035 1120 1190 1172 eheu!
1229 1120 1334 1187 post
1371 1119 1459 1172 fata
1495 1123 1720 1187 accipiat:
1758 1123 1896 1175 talem

17 1216 205 1280 (quiss'e,
238 1222 320 1286 qui
347 1222 395 1270 in
426 1220 696 1286 exemplum
731 1235 919 1286 magnae
946 1208 1153 1279 indoli32⁴
1178 1220 1339 1286 magni
1377 1219 1557 1270 ardoris
1591 1237 1895 1287 mgnarum-

37 1304 144 1386 ique
170 1321 397 1369 virtutum
421 1319 578 1368 abiret.
647 1320 712 1369 Ita
739 1334 854 1367 mox
875 1332 1071 1382 utraque
1093 1319 1242 1368 laurea
1262 1318 1631 1369 condecoratum
1652 1334 1697 1369 et
1724 1318 1900 1384 puriffi·

37 1418 143 1468 ‘mis
167 1418 376 1482 moribus
401 1419 637 1467 imbutum
671 1418 892 1466 iuuenem
917 1416 1196 1466 sublimioris
1224 1416 1424 1466 scientiae
1455 1415 1608 1467 schola
1642 1418 1722 1467 fibi
1746 1418 1901 1468 vindi-

40 1517 189 1594 fauit.
274 1515 617 1565 Sacrosanctam
654 1515 967 1582 Theologiam
1002 1516 1211 1580 loquor,
1245 1514 1537 1576 Auditores,
1572 1514 1901 1570 sanctiffimum

36 1602 168 1687 ‘illud
205 1615 395 1677 coelestis
415 1614 654 1676 *doctrinae
686 1613 927 1677 studium3
961 1613 1017 1666 ad
1045 1614 1178 1680 quod
1201 1628 1247 1664 et
1279 1614 1484 1665 Parentis
1519 1616 1711 1681 Optimi
1742 1633 1902 1669 exem·

57 1694 217 1780 plum,
251 1729 297 1763 et
329 1716 479 1762 multo
511 1716 659 1779 magis
693 1712 819 1763 insita
851 1713 965 1763 Eius
994 1713 1247 1779 propenfio
1274 1731 1326 1764 ac
1361 1714 1673 1779 probatissima
1705 1716 1901 1779 indoles,

54 1798 326 1876 diuinaeque
359 1811 476 1860 adeo
504 1811 818 1862 destinationis
847 1811 1050 1862 efficacia
1077 1811 1236 1878 Ipsum
1272 1831 1296 1864 a
1330 1814 1498 1862 teneris
1531 1813 1741 1864 excitasse
1774 1817 1905 1867 vide-

0 1939 1 1942 κ
37 1909 207 1965 ‘batua
275 1910 408 1959 Tum
435 1910 629 1959 demum
652 1911 792 1961 ardor
814 1911 886 1960 ille
915 1909 1116 1960 excelsus
1147 1909 1419 1975 supremum
1453 1910 1684 1977 fastigium
1709 1915 1906 1979 adeptus

35 2008 151 2067 *gest²
186 2024 297 2057 cum
320 2025 378 2057 eo
402 2007 675 2074 pervenisset
697 2008 905 2068 Noster,
941 2023 991 2059 ut
1018 2009 1109 2057 iam
1145 2024 1242 2058 non
1275 2009 1323 2057 in
1357 2006 1399 2057 Ge
1431 2009 1629 2073 amplius
1655 2013 1901 2066 contineri„

28 2106 170 2170 jdam
200 2108 318 2157 illam
342 2140 355 2166 ,
390 2124 532 2172 quam
563 2124 585 2157 a
623 2124 772 2174 puero
807 2105 1021 2167 senserat,
1055 2108 1228 2158 amoris
1261 2106 1410 2156 diuini
1439 2107 1713 2170 flammam,
1750 2110 1823 2160 sed
1856 2126 1903 2163 et

58 2187 175 2289 gallos
208 2205 300 2255 hoc
325 2239 338 2265 ‚
376 2220 428 2255 ut
458 2208 516 2256 ita
545 2207 714 2270 loquar
736 2240 751 2267 ,
786 2206 1008 2257 incendio
1049 2222 1164 2256 mox
1206 2206 1481 2256 animandos
1526 2207 1781 2259 ministerio
1823 2210 1904 2263 suo

63 2289 284 2370 cerneret.
352 2308 534 2368 Quanta
557 2305 634 2354 hic
667 2306 794 2356 Beati
814 2306 958 2356 nostri
983 2305 1041 2356 ad
1070 2320 1242 2356 tantam
1272 2306 1448 2354 molem
1480 2323 1590 2356 cum
1621 2309 1755 2358 laude
1790 2311 1907 2361 olim

37 2380 373 2452 'fffistinendam
400 2406 674 2468 praeparatio
684 2418 701 2467 3
737 2422 880 2469 quarn
906 2404 1129 2454 affiduum
1152 2403 1505 2470 profundiffima
1535 2405 1734 2455 scientiae
1765 2410 1907 2458 coele-

48 2481 145 2550 ¹ssstis
180 2502 316 2566 adyta
350 2499 662 2567 perscrutandi
694 2502 973 2553 desiderium
1009 2501 1342 2569 studiumque;
1391 2519 1533 2567 quarn
1573 2503 1819 2555 indefessus
1860 2508 1908 2557 in

54 2580 382 2663 ssperdiscendis
402 2602 794 2669 exquirendisque
821 2603 1088 2670 linguarum
1118 2602 1350 2670 mysteriis
1379 2615 1456 2654 aut
1487 2599 1667 2657 salebris
1699 2604 1833 2656 labor
1864 2620 1909 2657 et

61 2688 70 2710 '
1808 2704 1911 2757 dui.
