2618 3485
583 363 640 405 ιν
1188 338 1295 415 ’Q
1375 338 1624 412 )(0)(
1698 339 1809 414 st*

579 482 746 541 Vsque
784 467 910 526 mei,
953 462 1129 520 laudes
1157 481 1461 525 excurram,
1513 462 1660 537 quod
1703 463 1819 526 Ille,
1858 482 1996 538 quae
2024 466 2097 521 est
2120 463 2229 522 Viri
2257 465 2411 524 Sum-

570 588 678 655 mi,
737 596 869 646 inter
903 605 1098 644 ceteras
1135 590 1388 650 virtutes,
1430 588 1702 649 modestia,
1747 589 1927 645 multis
1965 590 2140 647 verbis
2172 593 2409 665 praesens

574 735 626 773 et
667 715 844 771 absens
881 713 1190 788 deprecatus
1224 713 1323 785 est3
1382 712 1470 767 sed
1513 728 1569 768 vt
1612 729 1728 768 tum
1772 711 1996 768 habeant
2040 715 2262 771 quenes
2278 752 2294 778 ,
2344 717 2409 772 ad
2470 767 2472 769 .

566 840 826 918 praeclara
850 841 1087 900 nitentes,
1128 837 1425 912 scriptaque
1463 838 1571 893 Viri
1601 857 1727 894 eum
1752 840 1804 893 in
1843 838 2002 894 finem
2029 838 2230 902 lecturi,
2261 840 2409 913 quod

566 965 900 1026 imitandum,
953 966 986 1020 fi
1023 965 1114 1038 qui
1150 963 1356 1038 poffint,
1398 962 1487 1019 sibi
1521 979 1821 1039 proponant
1855 964 2051 1019 illustre
2082 959 2408 1040 exemplum,

567 1110 621 1149 et
654 1092 846 1167 quibus
875 1089 966 1145 Ille
988 1091 1084 1145 viis
1123 1089 1188 1145 ad
1211 1089 1350 1145 illam
1391 1094 1617 1146 nominis
1651 1088 1848 1146 famam
1875 1089 2190 1152 ascenderit,
2231 1088 2406 1153 sciant,

564 1236 682 1277 tum
714 1234 773 1273 vt
803 1214 1135 1271 delectentur
1162 1214 1306 1277 Viri,
1349 1216 1451 1270 iam
1476 1221 1526 1270 in
1569 1216 1838 1272 honorum
1869 1232 1920 1270 et
1955 1233 2244 1299 munerum
2271 1213 2406 1271 fasti-

564 1345 664 1416 giis
705 1341 1003 1402 constituti,
1070 1340 1205 1394 vitae
1250 1340 1544 1396 rationibus
1570 1376 1586 1402 ‚
1641 1359 1768 1413 quas
1802 1340 2019 1394 instituit
2062 1339 2182 1401 llle,
2241 1357 2404 1413 quem

563 1484 766 1529 amare,
821 1463 997 1523 colere
1031 1479 1082 1518 et
1121 1462 1378 1538 suspicere
1411 1462 1539 1518 olim
1606 1461 2032 1526 consueuerunt,
2091 1461 2405 1538 vtqueipse‚

562 1589 849 1650 recolendo
882 1606 1095 1645 mecum
1138 1606 1322 1645 rerum
1358 1607 1386 1643 a
1412 1587 1950 1644 SCHOEPFLINO
1988 1606 2109 1644 meo
2142 1588 2405 1663 praeclare

563 1717 831 1793 gestarum
869 1717 1215 1776 memoriam,
1271 1715 1352 1770 illa
1396 1713 1550 1770 fimul
1587 1732 1650 1768 ex
1688 1730 1837 1787 parte
1873 1729 2112 1788 tempora
2153 1713 2401 1777 recolam,

563 1843 789 1919 quibus,
841 1858 966 1896 cum
1001 1842 1288 1896 innumeris
1326 1840 1449 1902 aliis,
1518 1856 1571 1894 et
1600 1856 1702 1914 ego
1728 1838 1825 1894 sub
1869 1853 2011 1894 tanto
2041 1837 2176 1896 duce
2201 1838 2404 1907 studio-s

563 1985 797 2042 rumque
825 1983 875 2023 et
902 1966 1028 2022 boni
1057 1966 1229 2021 omnis
1263 1981 1578 2039 promotore
1601 1964 1769 2024 laetus
1791 1963 2010 2021 adoleui.

698 2196 830 2255 Stilo
872 2194 1088 2271 simplici
1136 2211 1187 2251 et
1229 2178 1385 2268 plano
1425 2195 1700 2271 expediam
1739 2197 1940 2258 omnia,
2002 2211 2109 2251 non
2153 2194 2396 2270 ampullis

564 2339 660 2381 nec
696 2323 853 2397 longe
888 2320 1125 2396 'quaesitis
1162 2320 1456 2377 verborum
1491 2321 1947 2383 lenocIniilelum
1982 2320 2242 2383 elaturus,
2304 2310 2396 2396 qui

567 2449 654 2504 sua
677 2449 726 2505 se
749 2452 948 2505 virtute
978 2446 1162 2502 eXtulit
1191 2446 1297 2521 lpse
1328 2463 1618 2523 quemque,
1650 2464 1702 2503 et
1726 2465 1859 2522 quae
1877 2465 1971 2522 per
1998 2446 2174 2521 Ipsum
2202 2463 2398 2503 euene-

545 2578 550 2583 ·
567 2573 685 2635 rint,
710 2571 1009 2635 nominasse,
1037 2571 1259 2629 laudasse
1283 2573 1368 2631 est.
1450 2574 1488 2631 B
1501 2591 1539 2631 R
1553 2591 1588 2633 v
1603 2592 1632 2632 c
1645 2590 1684 2631 K
1696 2589 1728 2629 E
1741 2590 1780 2634 R
1793 2591 1826 2631 v
1843 2590 1894 2629 M
1911 2608 1927 2634 2
1952 2572 2143 2631 Virum
2178 2571 2396 2645 Clariffi-

2226 2713 2320 2752 mu
2326 2714 2395 2760 m,
