2618 3485
1272 603 1883 651 PANEGYRICVS

1015 697 1069 766 L
1119 701 1180 768 v
1234 698 1303 764 D
1357 697 1424 766 o
1473 699 1537 765 v
1591 698 1617 763 1
1671 697 1731 766 C
1782 695 1851 764 o
1945 697 2017 762 X
2056 698 2136 801 v.

1125 821 1339 872 REGIIS
1375 820 1759 871 NATALIBVS
1797 817 2048 870 DICTVS

1361 934 1488 962 ANNO
1518 934 1786 962 MDCCXXIV.

654 1042 858 1198 Saepe
905 1039 1096 1104 quidem
1134 1054 1261 1091 antea
1298 1041 1439 1090 laetus
1473 1040 1589 1090 mihi
1621 1039 1769 1089 vester
1805 1038 1881 1087 hic
1911 1040 1996 1088 fuit
2017 1037 2317 1103 cons'peetus'²
2359 1036 2504 1087 Audi-

781 1153 905 1188 tores
941 1140 1158 1187 omnium
1181 1139 1426 1189 Ordinum
1460 1136 1846 1203 Splendidiffimi,
1882 1152 1925 1187 at
1954 1153 2198 1202 nunquam
2235 1137 2409 1186 maiore
2453 1138 2504 1185 in

656 1236 777 1286 hanc
801 1237 1084 1286 concionem
1105 1236 1286 1295 fiducia,
1309 1254 1450 1301 quam
1471 1237 1706 1286 hodierno
1729 1236 1803 1286 die
1834 1235 2041 1303 proceffi.
2111 1233 2356 1301 Quicquid
2376 1236 2504 1284 enim

653 1333 968 1401 superioribus
990 1336 1120 1384 annis
1151 1336 1223 1383 vel
1254 1351 1460 1395 metum,
1494 1338 1568 1385 vel
1594 1337 1934 1389 dubitationem
1972 1335 2117 1384 menti
2148 1351 2274 1384 meae
2310 1331 2504 1391 incuffit,

654 1434 768 1483 illud
797 1432 914 1481 mihi
935 1431 1025 1482 iam
1054 1435 1235 1482 animos
1275 1433 1472 1492 addere,
1508 1433 1620 1481 illud
1649 1450 1747 1482 non
1780 1433 2082 1484 mediocriter
2116 1449 2192 1481 me
2226 1431 2504 1481 confirmare
2554 1495 2561 1503 Ι

655 1531 900 1599 persentio.
967 1533 1162 1596 Spei-are
1191 1531 1306 1580 olim
1339 1546 1385 1580 et
1408 1531 1467 1580 de
1500 1533 1683 1597 publica
1703 1531 1878 1582 Galliae
1905 1531 2117 1581 felicitate
2152 1531 2360 1580 timidius
2393 1544 2504 1580 vota

655 1629 880 1696 fiiscipere
902 1663 916 1688 ,
952 1629 1103 1696 ignari
1128 1629 1311 1678 diuini-ie
1338 1630 1680 1690 destinationis,
1708 1645 1753 1680 et
1780 1630 1839 1681 de
1877 1630 2039 1680 futuro
2073 1646 2170 1679 non
2208 1629 2343 1679 semel
2381 1630 2503 1681 anxii

655 1729 959 1795 cogebamur.
1026 1728 1221 1793 Experti
1254 1727 1439 1786 sumne,
1470 1729 1601 1791 quod
1643 1730 1728 1778 illis
1765 1730 2044 1794 plerumque
2079 1728 2352 1778 mortalibus
2388 1745 2502 1778 con·

656 1828 822 1894 tingit,
854 1827 936 1891 qui
962 1826 1146 1875 coelesti
1169 1827 1248 1876 illo
1271 1826 1467 1875 fulmine
1489 1826 1705 1892 perculsi,
1740 1826 1845 1877 suos
1870 1844 1966 1877 non
1991 1828 2138 1876 statim
2163 1843 2383 1877 reuocare
2403 1804 2500 1878 ani-

656 1942 791 1984 moe,
826 1925 950 1974 luam
977 1941 1073 1973 non
1102 1926 1317 1989 protinus
1347 1922 1531 1976 firmare
1557 1921 1774 1977 fiduciam
1806 1924 2066 1976 sueuerunt.
2133 1925 2242 1976 Fuit
2277 1927 2502 1977 nimirum

657 2039 847 2089 tempus
892 2022 1033 2081 illud,
1067 2023 1345 2082 AuditoreS,
1383 2041 1481 2089 quo
1514 2025 1656 2075 fatalis
1693 2024 1920 2090 quaedam
1966 2041 2123 2074 rerum
2157 2025 2399 2075 conuerfio
2428 2041 2503 2074 va-
2532 2046 2535 2049 ·

654 2120 844 2174 stiffimo
866 2121 1040 2170 Galliae
1060 2121 1230 2187 Regno
1264 2122 1512 2171 imminere
1546 2124 1843 2195 credebatur3
1883 2139 2023 2182 cum,
2060 2123 2162 2187 post
2196 2136 2266 2172 tot
2301 2122 2499 2173 funestas

657 2222 706 2269 in
734 2220 872 2284 stirpe
910 2218 1147 2267 Borbonia
1180 2218 1357 2278 clades,
1391 2220 1911 2279 LVDOVICVM,
1949 2222 2185 2289 Magnum
2217 2221 2334 2270 illud·
2365 2222 2499 2272 Gen-

657 2319 777 2367 tium
800 2316 1088 2374 Graculum,
1123 2303 1442 2382 grandaeuum
1470 2319 1595 2367 illum
1628 2333 1702 2370 tot
1730 2321 2021 2386 populorum
2056 2322 2394 2386 nationumque
2418 2321 2499 2387 Pa-

658 2430 864 2473 rentem,
899 2414 1009 2462 illud
1039 2414 1322 2480 stupendum
1352 2416 1520 2466 Mundi
1552 2419 1835 2468 Miraculum
1869 2420 2006 2468 rebus
2031 2419 2256 2474 excessisse
2283 2420 2498 2470 humanis

658 2514 968 2565 lamentabiles
1011 2512 1170 2578 paffim
1205 2514 1398 2563 Cinium
1455 2532 1602 2578 voces
1642 2532 2081 2584 conquererentur„
2149 2519 2497 2584 Irreparabilem

659 2613 778 2663 hane
802 2613 1022 2662 iacturam
1055 2629 1114 2661 eo
1150 2612 1414 2662 iustioribus
1437 2614 1636 2665 lacrimis
1661 2615 1848 2666 defleuit
1873 2617 2042 2677 Gallia,
2078 2633 2177 2683 quo
2207 2617 2361 2679 ‘maior
2392 2634 2496 2684 gra-

2324 2716 2497 2768 tulandi

2603 1334 2613 1432 ‚zzvv-
2603 1291 2607 1328 -——

2603 1539 2612 1598 *2:⁷3³-
2603 1439 2613 1534 22:⁴2-—
