2503 3444
14 444 19 476 l

13 544 19 629 ξ
434 557 992 610 ORATIONES
1061 560 1672 615 THOMANAE.

15 633 20 676 ¹
119 656 140 672 ²
185 695 189 697 .
229 656 342 702 -ΙΝ
398 656 958 702 CANONICORVM
1013 658 1780 710 INAVGVRATIONIBVS

15 840 20 875 Ι

14 939 19 982 ι

840 741 956 769 ΗΑΒ
974 742 1139 772 ITAE.
1161 730 1208 783 ³³)

509 865 1520 926 INAVGVRATIO

746 972 779 999 A
796 972 827 999 N
843 973 873 1000 N
893 972 921 1000 Ο
999 974 1036 1001 Μ
1055 974 1081 1001 D
1108 975 1131 1001 C
1153 974 1176 1001 C
1195 975 1223 1000 L
1238 973 1284 1002 V.

107 1101 111 1105 Α
682 1044 872 1093 Sermo
939 1045 997 1093 in
1069 1045 1364 1112 Capitul0.

14 1142 19 1209 ξ
254 1141 412 1192 dduco
433 1140 584 1199 vobis,
613 1142 701 1192 viri
722 1140 936 1201 Illustres,
962 1135 1408 1206 Ampliffimi‚'Neo
1430 1142 1746 1204 Canonicum‚
1782 1147 1941 1198 animo

111 1143 245 1296 A
285 1256 581 1305 corporeque
604 1241 858 1298 valentem,
895 1241 975 1304 qui
1008 1257 1032 1291 a
1054 1242 1341 1292 Venerando
1361 1243 1499 1292 huius
1523 1243 1726 1311 Collegii
1748 1245 1942 1311 Praepo-

111 1339 193 1390 fito
233 1341 529 1406 inauguratus
562 1337 626 1387 est
659 1354 792 1387 more
830 1339 1077 1387 maiorum.
1160 1339 1443 1390 Ceremonia
1478 1355 1684 1406 peracta,
1719 1342 1939 1407 impofito

112 1414 257 1504 pileo,
280 1439 359 1503 qui
390 1453 486 1485 non
515 1436 734 1485 libertatis
759 1449 955 1494 tantum,
980 1435 1053 1484 sed
1081 1451 1125 1485 et
1149 1437 1349 1487 honoris
1372 1455 1422 1488 ac
1454 1439 1693 1503 dignitatis
1714 1440 1827 1488 olim
1854 1440 1941 1490 fuit

15 1517 19 1544 ⁹
104 1536 294 1603 insigne.
379 1534 592 1600 Superest
612 1566 625 1591 ‚
663 1547 714 1585 vt
745 1534 947 1584 eundem
977 1536 1026 1584 in
1062 1535 1272 1585 beneficii
1306 1537 1457 1587 collati
1493 1536 1820 1603 posseffionem
1849 1540 1940 1590 im-

14 1608 19 1619 .
110 1635 299 1685 mittam.

108 1845 217 1894 huic
241 1842 372 1893 affixa
395 1841 457 1891 est
478 1843 611 1900 loco,
640 1856 662 1889 a
691 1842 827 1892 latere
848 1842 1038 1893 Decani.
1107 1846 1164 1894 In
1198 1845 1416 1913 Collegio
1450 1847 1543 1897 hoc
1578 1865 1678 1898 non
1711 1850 1769 1899 de
1800 1851 1939 1901 rebus

998 1941 1058 1989 M
1095 1959 1120 1991 2
1880 1949 1938 1999 ad

105 2040 1940 2062 -ι--ῄ-*υ--υ-α--α--ι-ῄ

14 1375 19 1404 Ι

14 1446 20 1513 i

13 1647 20 1695 l

15 1712 20 1813 l
237 1723 539 1810 Stipendium·
560 1744 651 1792 fiue
681 1743 967 1802 Praebenda,
1004 1759 1108 1808 quae
1139 1747 1247 1805 tibi,
1286 1748 1434 1797 Noue
1470 1748 1692 1830 College,
1728 1752 1936 1812 obuenir‚

14 1852 20 2004 ἶ

15 2027 21 2104 ί

160 2079 208 2130 *>
235 2077 300 2118 Ab
330 2089 380 2116 eo
405 2082 604 2128 tempore,
629 2088 711 2128 quo
740 2074 864 2116 Sacra
895 2078 1002 2130 apud
1026 2079 1397 2132 Argentoratenses
1425 2089 1584 2122 mutata
1607 2082 1723 2130 sunt,
1754 2084 1805 2125 D.
1822 2084 1930 2130 Tho*

15 2123 21 2188 i
268 2160 347 2188 mae
369 2144 598 2197 collegiata
633 2144 791 2185 Scholae
823 2147 998 2199 publicae
1030 2149 1170 2189 iuncta
1203 2149 1297 2191 fuit.
1369 2151 1605 2192 Praebendae
1630 2153 1935 2197 Canonicorum

16 2212 20 2293 i
268 2220 311 2260 in
333 2215 530 2269 stipendia
560 2213 830 2255 professorum
854 2226 1037 2260 mutatae.
1100 2218 1300 2260 Profefl'or
1332 2220 1401 2262 suo
1431 2223 1575 2263 ordine
1603 2222 1773 2276 eligitur
1800 2225 1934 2267 Cano-

265 2289 396 2329 nicus,
473 2286 523 2326 In
551 2284 749 2326 canonici
788 2286 1129 2338 inauguratione,
1173 2291 1363 2332 examine
1397 2293 1486 2333 eius
1525 2300 1722 2346 peracto,
1752 2295 1931 2350 Capituli

267 2357 412 2401 Senior
437 2356 617 2397 eundem
642 2356 684 2395 in
709 2356 906 2398 conclaue
930 2360 1173 2411 particulare
1198 2361 1248 2401 ad
1274 2362 1539 2416 Praepofitum
1563 2364 1702 2411 ducit,
1733 2353 1803 2418 qui
1831 2367 1931 2420 pilei

265 2426 525 2481 impositione
554 2426 594 2466 ei
628 2425 877 2467 beneficium
909 2429 1084 2472 confert.
1153 2432 1256 2472 Inde
1285 2431 1432 2474 Senior
1457 2447 1550 2473 cum
1584 2446 1696 2473 nouo
1721 2435 1929 2478 canonico

16 2482 21 2558 ᾖ
263 2490 317 2541 Δειᾶ
341 2496 578 2550 Capitulum
606 2496 733 2545 redit,
767 2497 808 2536 in
836 2497 1020 2539 Chorum
1049 2500 1245 2556 deinceps
1275 2510 1317 2543 et
1340 2501 1600 2551 Quaesturam
1624 2503 1826 2549 ducendo.
1880 2508 1928 2548 In

18 2575 21 2578 ’
265 2566 457 2620 Capitulo
473 2564 694 2619 assignatur
716 2567 753 2606 ei
771 2566 886 2608 sedes
902 2597 913 2616 ,
938 2569 979 2608 in
1001 2568 1133 2610 C'noro
1166 2571 1410 2620 subsellium,
1438 2573 1478 2612 in
1496 2572 1711 2621 Quaestura
1732 2574 1768 2613 ei
1788 2576 1929 2617 vinum

268 2637 519 2692 propinatur.
562 2635 627 2676 Ad
649 2637 906 2678 ceremonias
923 2638 996 2679 has
1011 2639 1215 2682 referendi
1236 2642 1341 2691 sunt,
1365 2643 1436 2696 qui
1454 2642 1679 2697 sequuntur
1695 2644 1926 2687 Sermones.
