2567 3470
533 320 562 377 0)

572 322 602 363 υ

612 311 645 364 (λ

1146 305 1256 384 'Q
1337 306 1587 384 )(0)(
1661 308 1772 386 o&

1722 439 2377 464 ——-—-——--————--n--

991 501 1329 553 VARIA
1428 504 1912 554 CRITICA.

1195 586 1247 628 A.
1323 601 1728 628 MDccxxv.

752 431 970 446 ᾙ

532 739 570 787 Ι.
694 739 706 786 i
733 739 886 789 Roma
911 741 1063 789 Vetus
1099 755 1144 791 et
1174 742 1321 792 Nova
1360 742 1679 793 admirandam
1712 743 1965 792 multarum
2001 758 2160 792 rerum
2186 743 2386 810 speciem

599 739 690 895 S
727 838 1022 889 curiosorum
1068 842 1214 891 oculis
1252 840 1434 907 semper
1469 842 1668 900 obiecit,
1718 842 1816 900 illa,
1862 857 2003 906 quam
2048 845 2385 894 SUBTERRA-

535 950 702 985 NEAM
743 938 968 987 RoMAM
1015 954 1267 999 vocamus,
1312 957 1411 990 non
1455 942 1611 990 minus
1661 940 1973 990 Eruditorum
2028 942 2215 1008 ingenia
2261 959 2387 993 exer-

539 1035 646 1084 cuit.
719 1040 922 1101 Cryptas
958 1037 1050 1086 illas
1084 1037 1299 1105 insignes,
1333 1038 1570 1104 hodieque
1599 1039 1872 1105 conspicuas
1895 1073 1908 1098 ,
1950 1039 2278 1107 intelligimus,
2313 1043 2386 1092 vel

544 1135 868 1192 Coemeteria,
918 1151 1036 1199 quae
1075 1137 1493 1188 CATAcuMBAE
1528 1139 1678 1206 vulgo
1714 1153 1960 1191 vocantur.
2038 1139 2229 1188 Harum
2269 1138 2391 1191 sexa-

540 1232 672 1298 ginta
704 1233 887 1282 circiter
909 1234 1039 1284 Urbs
1063 1236 1148 1291 illa,
1167 1237 1294 1287 orbis
1325 1237 1568 1302 quondam
1592 1238 1788 1304 Regina,
1825 1239 1941 1287 intra
1970 1236 2141 1287 viscera
2163 1235 2236 1288 sua
2266 1238 2387 1288 clau-

542 1329 611 1379 dit
631 1350 650 1391 ς
694 1347 811 1396 quae
842 1332 967 1397 quasi
1000 1332 1081 1383 sub
1115 1348 1233 1386 terra
1264 1336 1495 1387 Civitates
1508 1371 1522 1395 ,
1572 1336 1731 1386 multis
1765 1335 1968 1402 fingulae
2019 1336 2249 1400 variisque
2287 1339 2388 1397 viis,

539 1429 725 1488 semitis,
761 1432 940 1491 viculis,
976 1434 1216 1493 meatibus,
1252 1436 1493 1494 cubiculis,
1526 1435 1833 1493 anfractibus,
1869 1435 2212 1500 angiportibus,
2248 1435 2389 1485 forni-

541 1527 697 1586 cibus,
751 1530 991 1595 Templis,
1029 1533 1263 1582 Oratoriis
1286 1533 1521 1584 distinctae
1555 1549 1696 1598 atque
1729 1533 2001 1591 instructae,
2060 1548 2104 1582 et
2132 1534 2387 1586 innumeris

540 1623 727 1688 insuper
754 1628 1000 1686 leonibus,
1052 1630 1444 1696 Hieroglyphicis
1480 1632 1677 1682 Tabulis
1701 1665 1714 1690 ,
1752 1631 2064 1698 Sarcophagis
2098 1636 2385 1692 marmoreis,

542 1721 951 1788 Inscriptionibus,
1004 1725 1243 1787 vasculis,
1296 1730 1658 1795 Lacrymatoriis
1692 1743 1970 1790 exornatae3
2027 1731 2086 1779 ita
2132 1743 2183 1779 vt
2231 1732 2385 1783 multis

541 1822 708 1870 maiori
734 1822 786 1871 fit
819 1824 1113 1873 admirationi
1153 1826 1457 1877 Subterranea
1488 1829 1666 1886 Roma,
1721 1845 1862 1891 quam
1900 1825 2086 1892 ipsamet
2124 1829 2271 1879 oculis
2299 1830 2384 1880 alte

543 1921 819 1985 conspicua,
871 1923 1114 1986 maiorque
1149 1925 1378 1975 iudicetur
1407 1927 1526 1975 illius
1563 1926 1710 1992 gloria
1739 1927 1785 1974 in
1819 1926 2044 1983 tenebris,
2081 1943 2221 1990 quam
2247 1927 2384 1979 huius

544 2018 590 2066 in
611 2018 917 2084 augustissima
949 2021 1064 2070 luce.
1135 2027 1244 2072 Prae
1269 2025 1363 2073 aliis
1388 2023 1651 2090 praesertim
1690 2024 1871 2073 illustria
1905 2024 2005 2072 sunt
2034 2023 2208 2074 Calixtz·
2237 2026 2382 2092 Papae

545 2129 588 2164 et
621 2116 861 2180 Sebastiam
886 2119 1198 2180 Coemeteria,
1233 2139 1440 2185 quorum
1465 2123 1536 2170 ille
1561 2123 1639 2171 sub
1666 2122 1935 2172 Alexandro
1957 2123 2157 2181 SeverO,
2194 2123 2269 2172 hic
2303 2123 2380 2174 sub

540 2214 833 2264 Diocletiano
863 2219 1096 2282 martyriis
1119 2219 1228 2268 clari
1257 2218 1532 2269 scribuntur.
1634 2222 1812 2268 Vtilem
1847 2235 1892 2269 et
1929 2219 2156 2287 insignem
2181 2223 2313 2287 plane
2334 2219 2380 2275 iti

545 2311 618 2360 his
642 2313 1009 2377 Antiquitatibus
1029 2317 1312 2380 explicandis
1334 2333 1527 2382 operam
1551 2316 1745 2382 posuere
1772 2317 2032 2368 Doctiffimi
2063 2319 2167 2368 Viri
2190 2323 2230 2371 A
2247 2338 2378 2372 ΝΤο-

547 2425 688 2459 Nlus
725 2411 943 2461 Bosms
987 2427 1124 2477 atque
1169 2414 1409 2464 PAULus
1457 2417 1796 2465 ARlNcHUs.
1910 2419 2004 2465 Hae
2042 2434 2156 2466 vero
2190 2435 2378 2486 cryptae

548 2506 794 2557 durissimis
827 2510 1202 2574 persecutionum
1243 2513 1538 2578 temporibus
1574 2532 1595 2563 a
1627 2514 1878 2564 Veteribus
1912 2517 2177 2579 primorum
2214 2517 2378 2570 seculo-

548 2622 657 2656 rum
681 2606 951 2663 Christianis
976 2610 1155 2678 ingenti
1178 2611 1358 2671 labore,
1396 2611 1628 2663 immensis
1653 2611 1935 2679 sumptibus,
1973 2614 2119 2682 longo
2151 2618 2376 2683 temporis

2283 2713 2378 2789 spa«
