2503 3444
679 288 788 364 Q
867 287 1112 362 >(0><
1189 288 1300 364 «ρ
1796 257 1900 367 ’181

731 414 1039 426 ——n——s

1688 421 1906 437 ————

260 504 362 555 AD
410 500 907 552 ORATIONEM
956 500 1717 555 IO.FR1DER.FRIEDII

432 581 787 626 ALSATIAE
829 582 1051 624 DOTEs
1096 581 1538 626 EXPOSITURI.

772 666 1185 694 A.·MDCCXXV1.

82 760 318 923 Qum
350 753 642 820 splendidum
675 752 788 802 olim
821 752 1018 800 florente
1048 752 1375 800 Romanorum
1409 751 1661 816 Republica
1697 758 1905 812 Oratoris

244 854 328 902 fuit
358 869 532 902 nomen
556 885 570 910 ,
609 865 701 900 tam
737 851 836 900 vilis
875 848 1165 899 decrescente
1195 849 1455 898 eurumdem
1494 852 1699 917 Imperio
1734 857 1902 907 Decla-

75 969 274 1017 matoris'
303 967 459 1015 titulus
500 963 779 1014 censebatur.
883 967 977 1012 Vix
1016 965 1071 1013 acl
1112 963 1346 1012 summum
1392 963 1719 1018 conscenderat
1760 970 1902 1022 decus

73 1080 231 1133 Latina
252 1060 488 1138 facundia,
523 1094 566 1127 et
591 1078 692 1127 suos
719 1077 866 1128 statim
886 1078 1002 1127 vidit
1025 1092 1350 1142 corruptores3
1387 1078 1466 1141 qui
1492 1079 1748 1131 verborum
1771 1084 1901 1135 leno-

79 1194 192 1243 cinia
236 1195 435 1243 nimium
468 1192 657 1250 sectati,
707 1208 934 1258 magnum
970 1191 1220 1256 disciplinae
1265 1191 1597 1243 detrimentum
1639 1198 1902 1258 attulerunt,

76 1321 215 1372 quam
251 1305 337 1355 suis
371 1321 524 1355 tamen
560 1305 600 1354 se
633 1307 805 1355 artibus
841 1321 1088 1355 ornaturos
1125 1305 1212 1354 effe
1246 1305 1545 1370 speraverant.
1627 1309 1901 1378 Exagitabat

76 1420 166 1469 iam
195 1420 242 1468 in
273 1436 405 1470 aurea
441 1420 718 1484 eloquentiae
755 1392 887 1468 aetate
934 1420 1246 1467 Maecenatem
1280 1418 1414 1468 suum
1455 1435 1654 1487 magnus
1686 1424 1901 1490 ingenio-

75 1547 180 1582 rum
215 1546 259 1582 et
292 1549 414 1582 verae
448 1533 674 1583 facundiae
701 1532 984 1591 aestimator,
1018 1532 1170 1583 Caesar
1207 1506 1464 1598 Augustus3
1499 1535 1691 1599 eiusque
1729 1538 1775 1586 in
1813 1537 1903 1588 ser-

75 1661 215 1696 mone
235 1648 475 1696 cincinnos
501 1647 726 1696 imitando
751 1663 1095 1709 nonnunquam
1123 1663 1206 1710 per
1234 1648 1394 1695 iocum
1426 1647 1572 1696 irrifit.
1638 1650 1901 1712 Tiberium,

75 1775 254 1809 novum
281 1759 465 1822 aliquod
490 1774 534 1807 et
568 1759 793 1824 singulare
825 1758 1011 1808 dicendi
1043 1775 1195 1825 genus
1232 1774 1565 1825 aucupantem,
1602 1767 1785 1827 quoties
1813 1765 1902 1817 suis

73 1874 336 1938 persecutus
364 1873 426 1920 est
460 1872 661 1922 dicteriis
701 1873 826 1921 idem
860 1873 1129 1942 Augustum
1165 1872 1302 1937 ipsius
1335 1890 1528 1938 quoque
1559 1877 1709 1925 Marci
1743 1881 1901 1932 Anto-

71 1986 137 2034 nii
165 2001 262 2033 non
292 1984 424 2034 semel
449 1988 690 2049 increpans
714 1984 944 2043 insaniam,
968 2003 1018 2034 ea
1042 1987 1275 2034 nimirum·
1293 1985 1555 2047 scribentis,
1590 2006 1697 2053 quae
1725 1992 1902 2042 miren-

73 2110 148 2146 tur
179 2098 333 2162 potius
367 2098 581 2146 homines
616 2115 755 2162 quam
787 2100 1053 2165 intelligant.
1125 2100 1392 2149 Accedente
1424 2101 1578 2165 postea
1613 2103 1819 2168 ipsorum
1851 2107 1900 2155 in

75 2209 291 2260 Oratoria
315 2212 582 2260 Doctorum
605 2213 892 2276 corruptela,
928 2212 1041 2276 quid
1066 2214 1265 2272 mirum,
1298 2213 1328 2262 fi
1351 2213 1663 2269 adolescentes
1693 2218 1740 2266 in
1767 2217 1902 2268 scho-

76 2323 129 2373 lis
153 2324 425 2373 stultissimos
451 2325 547 2373 fieri
581 2325 660 2374 suo
693 2327 780 2374 iam
811 2340 1024 2391 tempore
1057 2329 1375 2390 pronuntiavit
1411 2328 1667 2394 Petronius.
1736 2331 1901 2381 Exorti

79 2438 298 2486 nimirum
327 2452 426 2486 tum
458 2438 684 2488 Rhetores
708 2440 782 2496 illi,
819 2441 899 2502 qui
922 2438 1174 2488 abstrusum
1204 2456 1248 2489 et
1275 2441 1587 2490 umbraticum
1618 2444 1899 2505 eloquentiae

79 2566 225 2615 genus
259 2552 457 2616 amplexi
486 2585 500 2612 ,
535 2568 650 2604 mox
689 2551 983 2618 Sophzstarum
1005 2585 1019 2611 ,
1065 2569 1179 2604 mox
1221 2553 1587 2607 Declamatorum
1629 2557 1899 2608 nominibus

915 2652 955 2700 Z
989 2668 1017 2714 3
1765 2669 1895 2704 nota-
