2585 3485
0 710 5 951 l

0 956 5 1064 l

0 1135 5 1199 l

0 1547 6 1645 ξ

1 1916 6 2068 l

0 2090 6 2182 ι

0 2186 6 2407 ἰ

1 2411 6 2564 l

1 2571 6 2692 ρ

2 2732 6 2788 1

692 334 800 409 *Q
879 333 1122 408 )(0)<
1198 332 1311 407 dffl‘
1398 360 1400 362 ·
1846 355 1915 413 23

84 475 161 516 tus
178 462 220 512 se
241 469 589 516 commouet-et,
626 455 658 506 fi
689 472 848 505 rerum
887 471 1044 507 natura
1067 471 1324 523 pateretur,
1361 469 1411 507 vt
1433 459 1559 509 vnita
1578 473 1721 518 voce,
1758 461 1918 511 vnito-

89 578 180 626 que
222 558 385 609 ardore
423 556 478 606 ad
511 555 702 607 sublime
731 556 922 629 Tuum,
958 557 1005 604 in
1036 572 1133 620 quo
1177 555 1458 621 resplendes,
1488 559 1670 607 Solium
1707 557 1796 608 suis
1828 576 1919 625 pro

84 659 232 726 gloria
263 658 370 706 Tua
411 657 627 721 precibus
659 655 843 705 coelum
874 653 1158 721 defatigaret.
1228 655 1298 704 Illi
1340 658 1582 722 flagrantes
1619 674 1702 722 per
1732 659 1918 710 Vniuer-

84 755 174 807 sstn
199 756 448 806 Ciuitatem
479 754 625 804 festiui
649 735 1119 829 iubilantium'igne33
1156 753 1228 802 illa
1252 752 1480 802 excelsum
1509 769 1645 819 caput
1676 757 1796 806 inter
1829 774 1919 808 nu-

85 855 172 907 bila
194 854 402 905 condens
433 868 477 903 et
498 854 670 903 facibus
702 853 788 902 suis
809 853 1000 918 superba
1022 853 1186 913 turris;
1223 852 1294 902 illa
1330 851 1617 902 fulminantia
1650 853 1919 920 fragoribus

86 952 197 1010 suis,
232 966 274 1001 at
305 954 502 1002 innoxio
536 968 710 1001 terrore
748 966 978 1001 tormenta
1009 967 1108 1000 non
1139 965 1232 1000 tam
1264 951 1468 1002 nostram
1498 953 1547 1000 in
1581 951 1791 1001 laetando
1822 971 1920 1004 am·-

86 1051 334 1108 bitionem,
396 1066 536 1114 quam
575 1049 724 1116 ipsum
765 1052 993 1099 mentium
1037 1050 1298 1099 nostrarum
1328 1049 1545 1100 ardorem
1585 1050 1917 1116 expresserunt,

83 1165 174 1213 qua
207 1150 423 1213 perennia
457 1165 544 1213 pro
595 1149 805 1198 felicitate
835 1150 943 1198 Tua
987 1162 1095 1206 vota
1132 1148 1215 1214 ipfi
1245 1148 1367 1212 quali
1400 1149 1535 1201 coelo
1571 1148 1739 1197 inferre
1761 1183 1774 1208 ,
1811 1150 1916 1214 i'pfis

85 1246 208 1312 quasi
237 1245 409 1312 superis
438 1246 689 1295 admouere
719 1246 1021 1298 conabamur.
1088 1247 1270 1311 Regnat
1313 1246 1465 1295 adhuc
1494 1247 1544 1294 in
1576 1247 1756 1296 ciuibus
1795 1248 1918 1297 Tuis

83 1343 258 1395 {anctus
282 1345 351 1393 ille
374 1346 602 1393 mentium
640 1345 801 1403 ardor,
837 1343 1167 1409 Augustiffime
1189 1346 1434 1409 Princep33
1470 1358 1633 1411 regnat
1655 1345 1726 1393 illa
1748 1347 1916 1394 victrix

85 1445 346 1494 animorum
371 1443 538 1508 pietas,
581 1456 626 1491 et
656 1458 782 1490 nunc
805 1441 884 1489 sub
907 1440 1013 1506 ipsis
1043 1440 1282 1489 feliciffimi
1304 1442 1532 1506 temporis
1552 1441 1759 1491 exordiis
1769 1475 1784 1502 >
1819 1459 1918 1507 quo

84 1540 164 1592 Tu
195 1539 287 1606 ipse
316 1542 407 1590 iam
436 1542 623 1605 Sceptra
643 1540 749 1588 Tua
770 1539 1050 1598 modet·ari3‚
1087 1556 1184 1603 quo
1205 1540 1343 1589 Tuus
1373 1540 1446 1589 ille
1476 1554 1616 1600 nutus
1636 1541 1918 1591 Francicum

84 1638 269 1710 Orbem
309 1652 518 1689 recturus
551 1638 637 1697 est,
674 1639 875 1699 maiora,
921 1639 1021 1687 imo
1063 1637 1316 1703 stupenda,
1352 1640 1456 1703 quis
1495 1638 1730 1698 crederet,
1766 1641 1917 1700 incre-

83 1750 237 1786 menta
257 1737 390 1801 capit.
459 1739 513 1786 At
534 1753 627 1803 ego
651 1751 888 1803 tantorum
920 1751 1144 1786 votorum
1165 1771 1180 1797 ,
1215 1738 1519 1803 publicaeque
1559 1736 1784 1788 felicittis
1806 1755 1918 1788 con-

86 1829 265 1880 ssitutus
297 1833 544 1895 interpres,
579 1849 721 1895 quam
741 1833 848 1882 felix
870 1849 998 1884 tanto
1021 1836 1180 1885 officio
1202 1836 1539 1901 praedicandus
1570 1836 1781 1895 viderer,
1815 1839 1916 1887 Au-

85 1928 283 1986 ditores,
318 1927 351 1976 fi
383 1946 541 1977 rerum
567 1929 831 1979 coelestium
863 1932 1013 1997 elogia
1051 1932 1261 1991 dicturo,
1296 1934 1501 1983 coelestis
1536 1951 1729 2001 quoque
1757 1934 1917 1984 facun-

31 2056 38 2061 -
83 2025 156 2074 dia
178 2025 344 2093 *diuino
375 2044 498 2076 nunc
531 2044 723 2098 munere
754 2029 1071 2094 contingeret,
1107 2043 1158 2077 vt
1184 2028 1337 2078 debita
1357 2030 1599 2079 Orationis
1630 2029 1916 2091 sublimitate,

83 2122 335 2190 magnifico
358 2124 614 2173 verborum
648 2139 891 2189 apparatu,
928 2142 980 2175 ac
1011 2127 1143 2174 omni
1175 2127 1462 2189 eloquentiae
1490 2126 1735 2193 splendore
1771 2143 1817 2178 et
1850 2128 1916 2178 se·

83 2222 193 2271 culo
215 2221 347 2280 huic,
383 2236 427 2270 et
448 2223 603 2280 omni,
637 2239 753 2286 quae
774 2222 979 2286 secutura
1011 2209 1097 2282 est,
1136 2223 1386 2288 posteritati
1415 2205 1633 2276 rariffima
1664 2226 1776 2276 haec
1799 2227 1913 2277 Gal-

82 2319 162 2368 liae
197 2319 734 2386 prodigia‘ostentarem.
802 2321 891 2371 Sed
939 2323 1028 2371 iam
1061 2322 1246 2387 pridem
1274 2325 1526 2373 aeternitati
1557 2323 1778 2392 adscripta
1810 2325 1913 2375 sunt

81 2407 264 2465 illustria
286 2417 547 2468 Borboniae
569 2420 736 2468 Gentis
757 2422 805 2468 in
831 2420 1030 2470 Galliam
1066 2422 1252 2480 merita,
1286 2438 1403 2486 quae
1435 2439 1559 2471 nunc
1591 2424 1777 2488 populis
1822 2423 1914 2474 suis

82 2530 179 2563 non
211 2514 508 2579 repraesentat
539 2517 686 2566 modo
720 2518 821 2567 Rex
843 2519 1086 2569 Maximus
1097 2553 1110 2577 ,
1146 2518 1220 2568 sed
1252 2535 1296 2569 et
1326 2521 1470 2586 longe
1507 2522 1734 2580 auctiora,
1769 2521 1913 2589 longe

76 2611 364 2663 illustriffima
391 2604 454 2664 ἐκ
483 2614 637 2675 diuina
667 2615 825 2667 indole
846 2631 891 2667 et
909 2620 1052 2683 genio
1075 2617 1425 2688 suopromittit.
1496 2621 1655 2684 Itaque
1686 2636 1802 2685 quie
1837 2635 1912 2670 ve-

1810 2716 1911 2768 siris
