2618 3485
620 336 725 376 Lxx
1266 310 1374 390 ‘Q
1454 309 1698 385 )(0)(
1776 307 1884 386 αθ·

616 438 764 496 etad
814 437 975 498 Nos,
1036 433 1102 491 ad
1142 434 1678 509 Fiirsteubergensem
1731 433 1851 492 dein
1913 451 1964 493 et
2016 434 2467 498 Constantiensem

619 566 880 637 Principes
911 560 1224 618 meditatum
1255 563 1354 616 iter
1386 560 1712 635 susceperat,
1756 559 1993 634 illudque
2025 561 2171 635 quod
2207 581 2304 637 per
2335 565 2467 620 inse·

618 704 872 764 quentem
905 687 1146 742 aestatem
1173 684 1429 759 ingressus
1462 702 1571 741 erat
1604 684 1668 739 ad
1703 683 2104 740 Illustriffimum
2138 686 2188 742 S.
2211 690 2270 746 R.
2302 688 2337 744 Ι.
2362 690 2469 747 Co-

620 817 804 872 mitem
841 812 1286 873 CossENZELwM,
1344 809 1598 866 Bruxellis
1638 810 1981 884 imperatorio
2026 813 2237 867 nomine
2276 815 2342 871 ad
2381 826 2472 870 re..·

624 957 746 995 rum
790 937 1144 1013 gubernacula
1177 935 1444 991 sedentem
1482 934 1703 1010 Filiique
1737 934 1802 991 ad
1846 933 2366 1009 prodigiumdocti,
2407 954 2472 998 ex

627 1063 816 1120 Schola
868 1061 1544 1119 SCHOEPFLlNlANA
1582 1060 1877 1136 prodituri,
1924 1059 2194 1133 amplexus
2232 1063 2475 1123 anhelan-

630 1203 768 1247 tem,
813 1186 862 1241 id
888 1204 982 1242 nos
1018 1203 1131 1242 tum
1165 1186 1385 1258 quidem
1414 1184 1486 1240 Illi
1520 1183 1642 1240 felix
1668 1161 2012 1259 faustumque
2034 1201 2084 1241 et
2121 1190 2196 1242 rei
2225 1203 2340 1244 tum
2375 1195 2479 1264 ριι.Ι

626 1310 790 1368 blicae
819 1330 936 1370 tum
960 1311 1212 1367 literariae
1237 1311 1536 1368 commodis
1560 1327 1616 1367 vt
1646 1313 1882 1367 eueniret
1906 1313 2098 1385 precati
2127 1310 2336 1376 sumus,
2382 1316 2476 1371 Se-
2512 1391 2517 1395 Δ

633 1439 794 1512 nique
857 1435 1186 1499 Venerando,
1228 1435 1332 1491 hoc
1377 1434 1471 1491 suo
1502 1434 1755 1510 discipulo
1801 1451 1853 1489 et
1895 1452 2129 1508 quatuor
2164 1435 2266 1494 suis
2305 1440 2480 1500 RASV-

633 1579 897 1619 MOFSKIIS
923 1600 940 1624 ,
999 1562 1168 1620 tribus
1221 1560 1350 1616 item
1393 1559 1500 1616 aliis
1540 1558 1843 1616 Comitibus
1881 1558 2162 1633 multoque
2216 1561 2481 1636 pluribu5‚

634 1687 830 1761 quibus
861 1704 924 1742 ex
950 1686 1235 1744 Nobilium
1265 1685 1450 1741 ordine
1473 1685 1736 1759 generosis
1760 1683 2170 1739 adolescentibus
2202 1705 2299 1759 per
2333 1706 2487 1760 prae-

639 1804 911 1869 cedentem
942 1812 1171 1868 hiemem
1199 1813 1399 1866 erictus
1421 1807 1593 1865 fuerat
1626 1827 1677 1864 et
1710 1808 1884 1864 adhuc
1912 1811 2113 1863 cinctus
2137 1808 2233 1871 est,
2274 1811 2489 1883 impen-
2560 1846 2565 1851 -
2612 1811 2614 1849 ἶ

642 1936 692 1991 se
734 1938 965 1999 laetanti,
990 1937 1119 1992 hanc
1142 1937 1285 1992 suam
1317 1936 1561 1990 laetitiam
1606 1935 1725 1990 laeti
1753 1932 2029 2007 gratulati,
2071 1931 2486 2006 proficiscentem

643 2064 740 2136 piis
764 2065 898 2118 votis
925 2063 1153 2118 comitati
1191 2079 1357 2135 vtque
1387 2059 1557 2117 saluus
1594 2078 1674 2116 eat
1702 2076 1754 2115 et
1784 2058 1963 2114 redeat
1988 2055 2106 2112 fore
2136 2060 2376 2131 augurati
2397 2057 2487 2125 suff

553 2198 555 2200 ’
645 2205 766 2243 mus
777 2205 798 2258 5
839 2205 935 2243 nec
960 2204 1053 2242 nos
1085 2183 1269 2242 fefellit
1306 2185 1610 2263 augurium.

803 2430 973 2488 Rediit
1021 2433 1162 2486 enim
1215 2429 1420 2493 saluus,
1470 2429 1632 2488 fiirtus
1668 2441 1946 2503 tectusque
1992 2442 2044 2484 et
2083 2412 2384 2485 confirmata
2419 2431 2488 2487 ita

657 2575 754 2632 per
786 2555 1063 2613 excursum
1103 2555 1246 2613 hunc
1273 2555 1602 2618 valetudine,
1638 2572 1696 2611 vt
1732 2571 1858 2611 cum
1889 2552 2144 2611 reducem
2174 2571 2226 2611 et
2267 2570 2363 2628 per
2396 2571 2494 2612 nos

2358 2690 2492 2733 tran·
2576 2677 2581 2684 '
