2585 3485
0 0 578 115 m&

674 347 782 424 ἢ,
864 346 1110 421 ><Ο><
1189 346 1300 422 ἀφ’
1827 366 1900 424 43

70 475 259 528 nebaris.
325 474 548 524 Sanctum
579 487 695 538 ergo
728 471 793 521 est
827 472 1045 538 gentibus
1078 471 1312 534 hostieque
1347 486 1521 518 nomen
1555 469 1745 527 Tuum,
1779 469 1904 529 Dine

65 574 330 634 Ludouice3
364 569 534 628 sancta,
564 570 619 619 ad
645 585 784 633 quam
808 569 1170 634 recuperandam
1195 573 1314 617 vires
1339 569 1471 616 Tuas
1494 567 1722 617 intendisti
1743 601 1756 626 ,
1791 584 1905 633 pro-

67 673 238 733 vincia;
274 669 412 720 sancti
443 684 489 719 et
519 671 790 719 innocentes
823 667 1011 720 &erunt
1043 683 1200 716 mores
1235 668 1357 725 Tui;
1396 665 1660 715 sanctiffima
1701 666 1905 731 denique

66 769 245 834 semper
267 770 350 818 erit
376 768 484 818 Tua
514 768 761 834 posteritati
790 781 835 816 et
860 767 1034 817 Galliae
1056 765 1320 831 praesertim
1344 765 1477 814 Tuae
1498 765 1751 820 memoria,·
1787 780 1905 829 quae

66 867 110 918 se
147 870 280 918 toties
314 867 492 916 felicem
529 865 779 931 praedicat,
817 869 1001 931 quoties
1039 866 1292 932 imaginem
1326 865 1556 912 virtutum
1583 863 1824 921 Turum,
1860 874 1906 912 et

69 966 338 1016 Boi-bonios
366 982 423 1015 ex
465 963 680 1031 sanguine
702 965 816 1032 Tuo
841 965 1079 1030 Principes
1102 997 1115 1023 ,
1152 965 1199 1012 in
1229 963 1397 1028 quibus
1419 964 1500 1012 Tu
1535 960 1744 1026 quotidie
1773 961 1908 1011 teilo«

70 1063 231 1123 reseis,
266 1063 447 1130 respicit
479 1078 522 1112 et
545 1063 696 1112 debita
731 1066 896 1128 pietate
938 1078 1195 1112 veneratur.
1265 1062 1355 1112 Sed
1379 1078 1477 1126 quo
1507 1078 1582 1110 me
1618 1064 1736 1125 rapit
1768 1057 1908 1110 Gam-

67 1178 147 1213 cae
167 1163 343 1230 glorise
367 1162 724 1227 contemplatio,
774 1162 1038 1226 Auditores.
1091 1162 1209 1210 'Tot
1236 1178 1269 1209 r.
1285 1178 1333 1210 ra
1355 1194 1367 1218 ‚
1404 1174 1475 1208 tot
1508 1157 1773 1208 admiranda
1804 1172 1907 1223 pas-

71 1259 155 1310 fim
187 1262 233 1308 in
262 1259 434 1309 diuersa
467 1277 543 1308 me
575 1259 785 1318 trahunt,
819 1275 872 1309 vt
903 1259 1200 1308 multitudine
1230 1275 1387 1308 rerum
1420 1254 1722 1320 circumfusus
1763 1255 1907 1311 finem

70 1357 315 1416 difficilius,
347 1375 489 1422 quam
521 1359 703 1406 initium
726 1357 835 1406 huic
857 1357 938 1406 sim
962 1360 1234 1406 inuenturus
1258 1358 1490 1406 Orationi.
1560 1355 1722 1420 Qam
1755 1353 1908 1401 vastus

71 1455 388 1524 enauigandus
418 1455 532 1504 mihi
569 1453 676 1503 esset
703 1469 930 1510 oceanus,
960 1454 990 1503 fi
1023 1455 1113 1504 iam
1148 1454 1429 1504 Valefiorum
1460 1453 1908 1515 Boi-boniorumque

71 1553 228 1604 bellica
257 1553 480 1613 facinora,
516 1569 724 1619 quorum
747 1551 864 1602 fama
889 1552 1024 1602 coelo
1046 1551 1293 1619 adscripta,
1328 1552 1358 1602 fi
1380 1551 1663 1601 Herculeam
1686 1550 1807 1598 ill-am
1837 1547 1909 1598 so-

73 1652 229 1702 bolem
253 1686 266 1711 ,
300 1652 565 1702 Franciscos
587 1652 709 1708 illos,
751 1652 990 1700 Henrieos
1021 1665 1158 1715 atque
1179 1651 1479 1713 Ludouicos,
1516 1644 1585 1700 ill'a
1614 1650 1783 1698 inuicta
1806 1647 1911 1696 belli

76 1748 293 1807 fulmina,
327 1751 464 1799 vobis
497 1752 829 1814 repraesentare
862 1766 1071 1802 conarer,
1140 1749 1346 1818 Qoties
1392 1748 1473 1798 sub
1511 1746 1708 1814 paffibus
1742 1762 1911 1797 eorum

79 1860 247 1912 potens
279 1851 466 1895 tremuit
502 1847 652 1906 Italia3
688 1863 879 1912 pugnax
907 1849 1133 1896 vacillauir
1154 1847 1372 1913 Hispania
1390 1865 1403 1909 ;
1433 1848 1602 1914 Anglia
1627 1847 1830 1905 mutauit,
1867 1858 1911 1896 et

81 1943 171 2009 ipsa
195 1961 387 2009 quoque
418 1961 515 1992 non
543 1943 678 1994 semel
710 1944 917 1993 bellicosa
939 1925 1437 1996 titubauit‘Ge1·mania
1504 1945 1565 1994 Et
1595 1944 1724 2009 quod
1763 1945 1912 1994 maius

75 2055 285 2107 vnquam
307 2042 453 2091 visum
479 2042 541 2091 est
564 2043 837 2090 miraculum
863 2078 871 2093 ‚
907 2059 1047 2106 quam
1080 2041 1210 2107 quod
1242 2042 1334 2091 hoc
1364 2042 1516 2091 seculo
1540 2042 1689 2092 Orbis
1717 2040 1911 2106 stupui&

76 2141 276 2191 Galliam
306 2157 415 2189 cum
444 2139 650 2191 Vniuersa
674 2140 859 2203 Europa
890 2139 1220 2204 compositam,
1256 2154 1302 2188 et
1337 2140 1368 2188 fi
1405 2140 1510 2188 belli
1534 2152 1754 2188 euentum
1793 2155 1910 2190 con-

81 2237 274 2309 fideres,
305 2239 365 2287 illi
394 2237 690 2304 superiorem.
760 2238 1001 2304 Dignum,
1035 2238 1110 2287 cui
1139 2254 1306 2287 omnes
1327 2253 1385 2286 ex
1412 2237 1633 2287 Francica
1654 2237 1911 2301 Antiquita-

84 2347 130 2385 te
158 2337 310 2404 Reges
333 2351 471 2402 atque
503 2338 688 2386 Heroes
728 2335 1030 2385 interfuissent
1066 2335 1390 2401 spectaculum.
1458 2335 1579 2385 Eant
1607 2352 1734 2385 nunc
1770 2348 1911 2400 quot-

83 2447 205 2498 quot
228 2435 419 2484 Gallicae
445 2436 573 2503 genti
602 2435 833 2485 leuitatem
855 2435 1019 2493 animi,
1056 2449 1100 2484 et
1123 2436 1169 2483 in
1194 2433 1477 2501 perferendis
1496 2433 1726 2484 bellorum
1748 2434 1913 2484 labori-

82 2531 173 2582 bus
204 2531 443 2581 mollitiem
472 2534 724 2593 obiiciunt,
756 2520 937 2584 exterae
965 2533 1209 2583 Nationes.
1278 2533 1524 2583 Gallorum
1554 2530 1618 2581 est
1647 2531 1712 2580 ire
1736 2548 1819 2597 per
1839 2533 1912 2582 in-

84 2630 185 2692 via,
218 2645 263 2681 et
286 2628 649 2696 conspirantibus
676 2635 725 2683 in
753 2631 876 2700 ipsos
905 2632 1197 2699 proeliorum
1235 2631 1449 2699 periculis
1483 2629 1624 2696 ipsam
1653 2646 1913 2697 prouocare

1002 2730 1041 2781 F
1073 2745 1104 2783 2
1769 2727 1916 2777 fortu-
