2567 3470
677 336 744 392 88
1045 367 1057 370 <
1283 321 1909 401 Q)(0)(2ss’

676 445 1024 511 quinquennale
1052 445 1161 496 illud
1192 458 1237 497 et
1260 446 1446 498 solenne
1468 449 1752 508 ludicrum,
1786 449 1842 499 ab
1874 449 2243 515 Imperatoribus
2278 455 2512 506 nonnullis

676 548 778 598 Ioui
819 546 1148 607 constitutum,
1186 550 1233 596 in
1268 564 1365 614 quo
1400 549 1662 600 Oratorum
1698 551 1834 599 etiam
1862 548 2263 615 conspiciebantur
2302 552 2512 603 commis-

678 646 840 696 siones.
909 647 963 696 In
995 646 1158 697 talibus
1189 647 1310 698 ludis
1337 647 1430 714 ipse
1459 650 1600 699 Nero
1629 651 1889 714 Imperator
1921 649 1968 697 in
1992 648 2296 699 Orchestram
2331 650 2513 703 deseen-

679 745 769 804 dit,
801 759 847 796 et
874 745 1110 798 Carminis
1140 748 1290 798 Latini
1322 765 1582 809 coronam,
1618 765 1796 816 magno
1828 763 2021 806 eorum,
2057 749 2137 812 qui
2168 748 2226 797 de
2258 749 2517 814 eloquentia

681 845 1046 905 contenderant,
1081 846 1302 898 consensu
1346 850 1560 916 accepit3
1598 849 1679 913 qui
1712 847 1867 898 honos
1905 848 2045 897 etiam
2079 847 2279 898 Palfurio
2309 850 2439 898 Surae
2472 851 2517 901 in

681 930 851 995 eodem
880 945 1152 1011 Capitolino
1185 951 1450 1008 certamine,
1487 949 1602 998 mira
1640 946 1841 1013 quadam
1873 947 2136 998 Oratorum
2167 947 2521 1001 declamantium

684 1045 937 1104 voluntate,
963 1044 1244 1111 inspectante
1273 1048 1565 1106 Domitiano,
1595 1047 1680 1097 fuit
1713 1046 1900 1096 delatus·

821 1177 1024 1229 Transiit
1057 1195 1113 1229 ex
1157 1181 1281 1231 Italia
1315 1181 1362 1229 in
1394 1181 1592 1231 Galliam
1634 1179 1868 1231 laudabilis
1901 1180 2207 1248 ingeniorum
2249 1181 2525 1233 certantium

689 1276 990 1329 consuetudo.
1060 1279 1386 1346 Lugdunensis
1417 1282 1587 1348 Agon,
1620 1280 1666 1329 in
1692 1280 1838 1330 veteri
1870 1278 2055 1329 historia
2089 1293 2183 1329 tam
2216 1280 2302 1330 late
2328 1281 2527 1336 celebra÷

690 1391 764 1427 tus
786 1411 799 1437 ,
835 1377 1032 1427 solennis
1063 1380 1208 1428 totius
1239 1380 1404 1429 Galliae
1441 1379 1722 1430 Conuentus
1745 1413 1759 1438 ,
1807 1378 1853 1427 id
1892 1378 2052 1428 habuit
2095 1378 2351 1446 singulare,
2396 1377 2526 1444 quod

693 1475 881 1524 Graecae
913 1477 1181 1541 Latinaeque
1218 1478 1445 1527 facundiae
1476 1479 1525 1526 in
1564 1478 1647 1528 illis
1681 1478 1931 1527 ederentur
1958 1477 2230 1542 specimina,
2261 1492 2389 1529 tanto
2419 1492 2528 1528 cum

696 1574 988 1625 vincentium
1024 1575 1241 1634 honore,
1279 1588 1330 1625 vt
1369 1577 1595 1626 Suetonio
1628 1577 1878 1635 referente,
1914 1575 1996 1641 ips1
2037 1576 2148 1624 victi
2188 1575 2293 1626 suos
2331 1576 2546 1638 victores

697 1674 903 1738 praemiis
940 1673 1161 1723 decorare
1195 1688 1240 1723 et
1270 1674 1425 1724 laudes
1454 1691 1621 1724 eorum
1656 1675 1924 1724 iuberentur
1953 1690 2257 1740 componere.
2325 1674 2529 1726 Instituta

698 1769 799 1821 sunt
821 1771 924 1820 haec
945 1773 1152 1839 agonalia
1175 1790 1195 1821 a
1212 1773 1326 1824 Caio
1340 1774 1564 1840 Caligula.
1608 1774 1792 1824 Tantus
1818 1773 1904 1824 Fuit
1919 1774 1966 1821 in
1993 1773 2243 1839 puniendis
2266 1773 2394 1823 malis
2413 1773 2546 1827 Ora-z

699 1871 879 1920 toribus
910 1872 1054 1938 rigor,
1088 1886 1138 1921 ut
1159 1874 1243 1936 qui
1270 1871 1619 1938 displicuissent,
1653 1874 1833 1939 Scripta
1866 1872 1938 1922 sua
1962 1854 2217 1940 vel-lingua
2245 1873 2318 1922 vel
2347 1870 2546 1940 spongia}

701 1971 851 2021 delere
877 1985 1186 2037 cogerentur,
1224 1971 1302 2020 nisi
1335 1973 1491 2021 ferulis
1513 1972 1777 2039 obiurgari>
1811 1985 1888 2021 aut
1909 1971 2099 2021 flumine
2123 1973 2370 2036 proximo,
2405 1969 2532 2022 Arari

701 2071 927 2120 nimirum
961 2071 1033 2120 vel
1056 2071 1292 2120 Rhodano
1326 2072 1477 2138 mergi
1509 2070 1778 2121 maluiffent.
1844 2070 2044 2122 Occasio
2079 2065 2201 2120 inde?
2223 2071 2428 2122 quenali
2463 2069 2532 2132 de-

704 2169 872 2228 sumta,
902 2185 951 2221 vt
975 2186 1170 2235 grauem
1198 2169 1511 2235 descripturus
1538 2172 1755 2219 timorem
1780 2169 1980 2218 diceret:
2496 2183 2514 2208 ⁸

976 2300 1158 2351 Palleat
1189 2315 1241 2351 vt
1279 2299 1422 2351 nudus
1454 2300 1596 2367 prfft
1640 2303 1718 2368 qui
1758 2299 1950 2352 calcibus
1982 2316 2166 2371 anguem

973 2401 1077 2450 Aut
1112 2399 1435 2469 Lugdunensem
1472 2401 1642 2451 Rhetor
1674 2399 1877 2451 dicturus
1911 2399 1974 2450 ad
2004 2417 2147 2450 aram,

841 2534 1023 2584 Scilicet
1046 2533 1099 2583 ad
1124 2550 1248 2584 aram
1281 2551 1303 2584 a
1327 2535 1572 2601 Sexaginta
1597 2534 1852 2584 Galliarum
1883 2535 2070 2600 populis
2093 2534 2140 2583 in
2163 2531 2360 2602 Augusti
2391 2533 2535 2584 hono-

711 2649 810 2682 rem
841 2634 1063 2701 Lugduni
1097 2635 1187 2683 iam
1221 2634 1335 2683 olim
1371 2649 1596 2693 erectam,
1633 2636 1763 2683 cuius
1796 2633 2016 2683 custodite
2047 2635 2239 2684 trecenti
2271 2647 2467 2701 augures
2495 2642 2536 2678 et

2429 2725 2538 2779 sexa-

2545 2407 2551 2495 ,Ι

2546 2500 2550 2557 1
