2626 3490
732 330 842 408 'Q
921 331 986 405 )(
1024 353 1061 392 0
1101 318 1167 406 )’(
1245 331 1356 407 ‹ss'
1858 354 1959 399 Lm

122 459 301 518 tilibus
339 453 657 534 plerumque
689 455 957 513 laboribus
1000 455 1416 531 comparandum
1439 494 1456 519 ‚
1493 460 1584 533 qui
1621 457 1820 536 scriptis
1855 464 1957 521 fine

123 583 226 640 fine
251 580 518 654 modoque
540 577 875 652 systematum
905 580 1229 655 compendiis
1253 583 1414 638 trium
1437 581 1646 640 dierum
1681 589 1957 644 aeternita-

122 722 230 774 tem
256 705 343 761 fibi
374 721 425 759 et
455 704 859 779 prudentiorum
885 672 1064 761 [sannas
1098 686 1400 761 mercantur
1411 742 1428 768 ‚
1469 705 1712 782 quosque
1736 728 1798 766 ex
1837 713 1956 787 pul-

121 845 245 886 vere
286 845 338 885 et
379 829 566 886 vmbra
601 828 714 882 heri
747 831 1020 892 excitatos,
1061 832 1113 886 in
1157 829 1438 905 puluerem
1475 847 1526 886 et
1567 833 1812 890 vmbram
1847 854 1957 894 cras

120 955 456 1015 reuersuros‚
499 952 583 1008 hic
610 970 714 1008 non
744 970 951 1026 moror3
994 973 1131 1029 opus
1153 988 1181 998 -
1203 989 1228 999 -
1253 955 1323 1010 ob
1354 954 1499 1030 quod
1531 946 1730 1019 solum,
1771 959 1806 1015 fi
1830 960 1956 1017 nihil

119 1078 258 1135 aliud
288 1079 539 1133 memoria
565 1075 788 1149 dignum
811 1076 971 1133 literis
997 1078 1335 1153 consignasset
1368 1079 1956 1147 SCHOEPFLles,

118 1201 418 1259 vastiffimae
466 1199 807 1262 eruditionis,
861 1201 1382 1259 consummatiffimae
1426 1206 1480 1260 in
1528 1203 1777 1265 dicendo,
1821 1225 1956 1281 quae

44 1395 51 1402 ι
118 1325 238 1383 sunt
268 1343 407 1400 apta,
454 1327 667 1400 peritiae
689 1293 910 1398 gloriam
934 1326 1280 1401 stupendique
1303 1327 1494 1383 laboris
1529 1326 1730 1383 ferendi
1753 1334 1956 1404 patien-

120 1452 245 1507 tiam
276 1449 338 1505 Ei
366 1466 470 1505 non
499 1448 588 1504 nifi
609 1447 763 1522 stipes
784 1451 1056 1522 negauerit
1075 1486 1091 1510 ‚
1116 1448 1407 1521 laudauerit
1439 1467 1568 1505 vero
1594 1450 1754 1525 digne
1779 1470 1830 1509 et
1855 1472 1956 1529 pro

117 1575 317 1631 meritis
352 1591 458 1628 non
491 1572 614 1634 nisi,
655 1589 748 1646 par
769 1556 1520 1636 SCHOEPFLINIANAE,
1561 1576 1665 1631 oris
1699 1572 1955 1642 facundia,

121 1715 224 1772 qua
259 1696 447 1771 polluit
486 1695 622 1751 eheu
651 1693 663 1753 !
711 1680 837 1752 olirn
877 1697 1167 1758 GESNERVS
1198 1697 1420 1769 ὀκριτῑτς,
1471 1700 1522 1753 in
1555 1699 1870 1757 recensendo
1901 1705 1955 1759 in

118 1819 474 1880 Relationibus
510 1819 575 1872 de
609 1819 751 1875 libris
788 1824 939 1878 nouis
977 1822 1441 1897 Goettingenfibus
1475 1822 1641 1879 latinis
1680 1824 1954 1885 SCHOE-

122 1940 368 1998 PFLINI
390 1949 578 2014 opere‚'
599 1941 773 2014 quales
797 1945 1126 1999 encomiastas
1149 1961 1453 2000 mereantur
1466 1946 1577 2000 Viri
1603 1946 1667 2002 ad
1681 1947 1955 2006 SCHOE-

119 2064 606 2122 PFLINIANAM
636 2064 988 2121 eruditionem
1032 2067 1307 2140 progreffi,
1346 2065 1539 2122 docere
1571 2066 1786 2123 voluisse
1816 2069 1955 2127 visus

120 2204 373 2244 venturos
400 2188 515 2262 post
539 2206 630 2244 nos
658 2205 905 2262 nepotes,
942 2206 993 2245 et
1021 2207 1086 2244 ne
1122 2190 1309 2263 ingrati
1349 2191 1401 2245 in
1436 2208 1612 2246 manes
1635 2209 1953 2265 magnorum

122 2313 375 2369 Virorum
400 2329 616 2386 peccent
639 2312 794 2375 olim,
840 2310 1097 2369 monuisse
1133 2315 1322 2369 leuiter
1352 2312 1623 2370 interdum
1660 2315 1819 2372 literis
1858 2320 1954 2373 tin·

119 2448 238 2492 ctos
256 2434 656 2510 ephemeridum
683 2435 1024 2494 literariarum
1049 2437 1324 2511 scriptores
1347 2454 1435 2493 aut
1463 2441 1818 2512 praeiudicans
1842 2446 1952 2515 opi·

117 2557 364 2618 nionibus
404 2561 488 2615 vel
544 2560 730 2616 furore
783 2565 1001 2618 omnino
1037 2560 1270 2636 quodam
1294 2599 1308 2624 ,
1359 2559 1626 2617 incondite
1669 2561 1735 2617 de
1771 2561 1951 2628 rebus,

1058 2702 1093 2743 G
1132 2704 1161 2761 3
1822 2703 1948 2760 quas
