2503 3444
147 288 152 293 ’
677 313 786 394 *aa
864 318 1111 393 >(0><
1178 318 1301 396 vaa*
1827 339 1922 395 ιγ’

59 445 331 509 bellumque
359 441 510 491 schola
543 438 691 490 fuisset
726 441 1013 511 Reipublicae
1050 443 1096 490 in
1130 459 1241 507 pace
1282 442 1472 492 feliciter
1512 442 1895 494 administrandae.

69 543 169 610 Qui
210 557 358 606 nuper
390 540 448 589 de
481 539 710 598 hostibus,
747 540 835 589 iam
870 539 929 588 de
961 541 1138 589 ciuium
1178 541 1342 591 animis
1383 542 1712 607 triumphauit,
1746 543 1896 592 victo-

67 642 273 704 riamque
293 639 515 688 omnibus
540 626 765 704 trophaeis
792 639 1048 703 reportau'rt
1083 640 1322 689 maiorem.
1394 640 1544 690 Cuius
1576 657 1726 706 nuper
1750 640 1898 705 auspi-

39 715 42 719 *
67 739 132 789 cia
153 739 458 788 conterminae
490 751 534 786 et
564 750 759 786 remotae
784 751 946 804 gentes
970 751 1228 798 tremuere,
1264 755 1409 804 quem
1436 755 1532 787 non
1556 739 1721 788 Gallus
1745 718 1898 789 rfi'odo

66 850 112 888 et
134 838 426 895 Germanus,
463 835 537 886 sed
567 836 732 901 populi
757 837 1004 886 interiectis
1034 837 1276 886 montibus
1308 851 1353 886 et
1380 837 1650 901 aequoribus
1673 836 1899 887 inter-fufis

67 934 264 985 distincti
289 934 674 992 reformidabant,
711 934 878 984 Romae
910 936 999 985 iam
1033 936 1239 1001 priuatus
1261 936 1390 985 vivit.
1442 935 1563 1004 -Qi
1591 937 1640 984 in
1666 935 1786 984 bello
1809 934 1900 985 for-

67 1032 260 1085 titudine
291 1034 628 1100 pugnandique
670 1033 852 1100 glor-ia,
889 1050 1014 1082 nunc
1043 1034 1328 1101 benignitate
1366 1048 1411 1084 et
1452 1034 1694 1084 clementia
1731 1049 1900 1084 omnes

66 1131 247 1182 deuicit.
317 1132 476 1197 Fingit
509 1130 700 1195 quidem
739 1131 855 1197 saepe
894 1133 1136 1182 crudelitas
1172 1128 1531 1192 humanitatem,
1568 1134 1733 1183 odium
1767 1149 1899 1183 amo-

67 1246 204 1295 rem3
243 1244 286 1278 et
316 1229 479 1279 assueta
513 1231 601 1278 iam
637 1245 731 1280 erat
760 1231 891 1280 laetos
930 1231 1086 1280 vultus
1118 1231 1260 1279 altum
1298 1231 1513 1280 dolorem
1554 1231 1635 1280 sub
1674 1231 1896 1281 cordibus

69 1344 328 1395 prementes
350 1329 517 1376 intueri
543 1329 722 1389 Roma3
759 1312 832 1377 sed
851 1329 1138 1378 Germanico
1165 1329 1276 1377 nihil
1299 1329 1698 1379 accommodatius
1718 1328 1773 1379 ad
1797 1330 1900 1396 glo-

67 1427 179 1476 riam
202 1442 340 1491 quam
367 1421 550 1492 penitus
577 1425 759 1491 inspici,
783 1442 892 1475 cum
921 1428 1018 1477 talis
1044 1426 1172 1486 effer,
1199 1428 1343 1492 q·.:alis
1373 1427 1521 1476 videri
1545 1427 1740 1477 volebat.
1810 1428 1899 1476 Ita-

66 1539 157 1590 que
179 1526 342 1575 eximia
365 1538 410 1573 et
433 1524 570 1590 praecl
590 1540 649 1573 ,νει
668 1524 820 1583 fuere,
856 1542 963 1589 quae
986 1526 1034 1574 in
1056 1526 1297 1591 publicum
1323 1527 1541 1592 protulit,
1575 1526 1899 1585 non-minora,

66 1638 171 1688 quae
194 1624 398 1688 priuatus
429 1621 701 1672 obseruauit.
768 1624 913 1672 Sciuit
942 1623 1023 1673 ubi
1049 1640 1156 1675 vera
1192 1625 1443 1690 Principis,
1478 1625 1558 1674 ubi
1587 1633 1813 1690 'perpetua
1851 1638 1897 1674 et

65 1722 285 1771 omnibus
312 1719 468 1769 seculis
489 1720 775 1785 superfutura
796 1722 1046 1784 quaerenda
1071 1723 1123 1771 fit
1153 1723 1314 1789 gloria.
1384 1725 1438 1773 In
1470 1724 1704 1774 mentibus
1740 1723 1897 1773 homi-

65 1835 182 1868 num
205 1832 373 1867 aeterna
391 1817 470 1866 fibi
495 1820 669 1883 parauit
692 1833 1023 1878 monumenta,
1060 1823 1141 1885 qui
1164 1838 1315 1887 nuper
1346 1823 1547 1886 peritura
1570 1823 1618 1870 in
1645 1823 1778 1872 terris
1798 1835 1898 1871 tro-

67 1916 198 1983 phaea
221 1916 301 1965 fibi
323 1914 586 1982 erigi‘'vidit.
653 1919 707 1966 In
733 1916 801 1965 illa
826 1917 940 1965 nihil
962 1917 1197 1976 fiammis,
1246 1919 1359 1967 nihil
1391 1918 1747 1978 successoribus,
1782 1920 1896 1968 nihil

0 2033 3 2100 l
68 2013 315 2065 destruenti
336 2015 492 2063 omnia
516 2016 719 2080 tempori
752 2015 888 2063 licere
917 2014 1150 2064 intellexit.
1220 2015 1468 2084 Qantum
1502 2016 1594 2066 hoc
1626 2016 1714 2076 est,
1747 2016 1897 2066 Audi-

0 2114 4 2255 ι
68 2125 213 2172 tores,
246 2112 400 2177 quod,
436 2128 545 2161 cum
570 2114 760 2162 nuntius
789 2113 1036 2177 aliquando
1061 2113 1120 2163 de
1148 2112 1330 2163 aduersa
1358 2129 1403 2163 et
1424 2114 1625 2165 restituta
1658 2116 1754 2164 eius
1778 2116 1899 2165 vale·

0 2265 4 2292 ι
70 2210 226 2260 tudine
247 2210 594 2277 percrebuisset,
630 2211 788 2260 ciuitas
811 2211 972 2262 moesta
996 2212 1205 2277 primum
1227 2225 1272 2261 et
1296 2215 1500 2273 attonita,
1536 2229 1651 2263 mox
1681 2214 1898 2264 laetabun-

0 2296 12 2391 l*
71 2307 126 2359 da
159 2309 254 2374 ipso
293 2312 442 2359 noctis
464 2343 477 2368 ,
513 2325 611 2374 quo
646 2325 811 2360 rumor
854 2308 1077 2369 inualuit,
1114 2324 1359 2376 tempore,
1395 2312 1649 2362 luminibus
1686 2313 1898 2372 accenfls,

0 2393 7 2498 ι
69 2406 266 2456 victimis
296 2409 343 2456 in
377 2407 611 2472 Capitolio
635 2408 759 2458 caesis
791 2423 840 2457 ac
871 2407 1058 2458 reuulfis
1086 2410 1377 2474 templorum
1408 2408 1616 2469 foribus,
1650 2427 1709 2459 ne
1730 2411 1897 2478 religio

73 2505 395 2563 retardaretur,
431 2506 612 2570 publica
639 2521 749 2556 vota
770 2504 1073 2571 pei-solueret,
1106 2508 1531 2574 gratulantiumque
1553 2523 1695 2557 voces
1723 2509 1897 2572 ubique

4 2654 9 2688 ξ
74 2601 351 2652 resonarent:
389 2602 503 2653 salua
532 2604 713 2665 Roma,
749 2604 860 2655 salua
885 2605 1055 2663 Patria,
1091 2605 1235 2657 saluus
1259 2605 1322 2656 est
1344 2605 1668 2657 Germanicus.
1723 2600 1899 2657 'Tanta

5 2694 12 2793 ι
79 2725 83 2730 ·
142 2699 260 2751 Pars
295 2702 356 2750 II.
978 2702 1023 2754 C
1744 2705 1896 2754 omni-

7 2799 13 2860 l

8 2863 13 2882 l

14 3167 20 3238 l

0 3242 205 3444 u
