<?xml version="1.0" encoding="UTF-8"?>
<!DOCTYPE html PUBLIC "-//W3C//DTD XHTML 1.0 Transitional//EN"
    "http://www.w3.org/TR/xhtml1/DTD/xhtml1-transitional.dtd">
<html xmlns="http://www.w3.org/1999/xhtml" xml:lang="en" lang="en">
 <head>
  <title>
</title>
<meta http-equiv="Content-Type" content="text/html;charset=utf-8" />
  <meta name='ocr-system' content='tesseract 3.04.00' />
  <meta name='ocr-capabilities' content='ocr_page ocr_carea ocr_par ocr_line ocrx_word'/>
</head>
<body>
  <div class='ocr_page' id='page_1' title='image "./operaoratoriapan00schouoft_0126.png"; bbox 0 0 2618 3485; ppageno 0'>
   <div class='ocr_carea' id='block_1_1' title="bbox 4 1027 9 1929">
    <p class='ocr_par' dir='ltr' id='par_1_1' title="bbox 4 1027 9 1929">
     <span class='ocr_line' id='line_1_1' title="bbox 4 1027 9 1929; baseline 0 0"><span class='ocrx_word' id='word_1_1' title='bbox 4 1027 9 1929; x_wconf 95' lang='lat' dir='ltr'> </span> 
     </span>
    </p>
   </div>
   <div class='ocr_carea' id='block_1_2' title="bbox 14 2750 20 3447">
    <p class='ocr_par' dir='ltr' id='par_1_2' title="bbox 14 2750 20 3447">
     <span class='ocr_line' id='line_1_2' title="bbox 14 2750 20 3447; baseline 0 0"><span class='ocrx_word' id='word_1_2' title='bbox 14 2750 20 3447; x_wconf 95' lang='lat' dir='ltr'> </span> 
     </span>
    </p>
   </div>
   <div class='ocr_carea' id='block_1_3' title="bbox 662 349 1894 430">
    <p class='ocr_par' dir='ltr' id='par_1_3' title="bbox 662 349 1894 430">
     <span class='ocr_line' id='line_1_3' title="bbox 662 349 1894 430; baseline -0.003 0"><span class='ocrx_word' id='word_1_3' title='bbox 662 376 700 430; x_wconf 81' lang='lat'>4</span> <span class='ocrx_word' id='word_1_4' title='bbox 1266 349 1894 430; x_wconf 51' lang='lat' dir='ltr'>onxss</span> 
     </span>
    </p>
   </div>
   <div class='ocr_carea' id='block_1_4' title="bbox 637 453 2529 2603">
    <p class='ocr_par' dir='ltr' id='par_1_4' title="bbox 637 453 2529 2603">
     <span class='ocr_line' id='line_1_4' title="bbox 665 453 2505 538; baseline -0.005 -9"><span class='ocrx_word' id='word_1_5' title='bbox 665 478 1016 535; x_wconf 82' lang='lat' dir='ltr'>celebritatem,</span> <span class='ocrx_word' id='word_1_6' title='bbox 1089 473 1184 525; x_wconf 88' lang='lat' dir='ltr'>five</span> <span class='ocrx_word' id='word_1_7' title='bbox 1234 453 1336 535; x_wconf 86' lang='lat' dir='ltr'>rei,</span> <span class='ocrx_word' id='word_1_8' title='bbox 1406 475 1465 523; x_wconf 86' lang='lat' dir='ltr'>de</span> <span class='ocrx_word' id='word_1_9' title='bbox 1513 490 1603 538; x_wconf 84' lang='lat' dir='ltr'>qua</span> <span class='ocrx_word' id='word_1_10' title='bbox 1658 472 1911 523; x_wconf 83' lang='lat' dir='ltr'>dicendum</span> <span class='ocrx_word' id='word_1_11' title='bbox 1957 467 2056 530; x_wconf 83' lang='lat' dir='ltr'>est,</span> <span class='ocrx_word' id='word_1_12' title='bbox 2123 469 2505 537; x_wconf 82' lang='lat' dir='ltr'>magnitudinem</span> 
     </span>
     <span class='ocr_line' id='line_1_5' title="bbox 663 570 2507 640; baseline -0.007 -12"><span class='ocrx_word' id='word_1_13' title='bbox 663 577 999 640; x_wconf 81' lang='lat' dir='ltr'>contemplor,</span> <span class='ocrx_word' id='word_1_14' title='bbox 1066 573 1181 623; x_wconf 84' lang='lat' dir='ltr'>nihil</span> <span class='ocrx_word' id='word_1_15' title='bbox 1226 572 1360 637; x_wconf 89' lang='lat' dir='ltr'>quod</span> <span class='ocrx_word' id='word_1_16' title='bbox 1407 573 1479 622; x_wconf 86' lang='lat' dir='ltr'>vel</span> <span class='ocrx_word' id='word_1_17' title='bbox 1518 571 1695 621; x_wconf 78' lang='lat' dir='ltr'>stimma</span> <span class='ocrx_word' id='word_1_18' title='bbox 1740 570 1925 637; x_wconf 73' lang='lat' dir='ltr'>ingenia</span> <span class='ocrx_word' id='word_1_19' title='bbox 1972 582 2144 618; x_wconf 84' lang='lat' dir='ltr'>terrere</span> <span class='ocrx_word' id='word_1_20' title='bbox 2173 603 2186 629; x_wconf 82' lang='grc'>,</span> <span class='ocrx_word' id='word_1_21' title='bbox 2242 585 2507 632; x_wconf 84' lang='lat' dir='ltr'>eorumque</span> 
     </span>
     <span class='ocr_line' id='line_1_6' title="bbox 664 665 2506 738; baseline -0.004 -15"><span class='ocrx_word' id='word_1_22' title='bbox 664 678 710 724; x_wconf 89' lang='lat' dir='ltr'>in</span> <span class='ocrx_word' id='word_1_23' title='bbox 757 672 961 723; x_wconf 88' lang='lat' dir='ltr'>dicendo</span> <span class='ocrx_word' id='word_1_24' title='bbox 995 672 1134 730; x_wconf 46' lang='lat' dir='ltr'>&lt;vires</span> <span class='ocrx_word' id='word_1_25' title='bbox 1189 670 1401 738; x_wconf 84' lang='lat' dir='ltr'>superare</span> <span class='ocrx_word' id='word_1_26' title='bbox 1456 688 1556 720; x_wconf 91' lang='lat' dir='ltr'>non</span> <span class='ocrx_word' id='word_1_27' title='bbox 1615 668 1751 735; x_wconf 84' lang='lat' dir='ltr'>poffit</span> <span class='ocrx_word' id='word_1_28' title='bbox 1794 665 2110 733; x_wconf 80' lang='lat' dir='ltr'><strong>deprehendo.</strong></span> <span class='ocrx_word' id='word_1_29' title='bbox 2228 668 2302 718; x_wconf 88' lang='lat' dir='ltr'>De</span> <span class='ocrx_word' id='word_1_30' title='bbox 2327 708 2329 711; x_wconf 88' lang='lat'><em>.</em></span> <span class='ocrx_word' id='word_1_31' title='bbox 2357 666 2506 716; x_wconf 83' lang='lat' dir='ltr'>Gallia</span> 
     </span>
     <span class='ocr_line' id='line_1_7' title="bbox 660 764 2506 839; baseline -0.005 -17"><span class='ocrx_word' id='word_1_32' title='bbox 660 772 762 828; x_wconf 71' lang='lat' dir='ltr'>fine</span> <span class='ocrx_word' id='word_1_33' title='bbox 819 786 862 822; x_wconf 85' lang='lat' dir='ltr'>et</span> <span class='ocrx_word' id='word_1_34' title='bbox 909 768 1245 839; x_wconf 76' lang='lat' dir='ltr'>Augustiffimo</span> <span class='ocrx_word' id='word_1_35' title='bbox 1297 769 1412 834; x_wconf 85' lang='lat' dir='ltr'>Ejus</span> <span class='ocrx_word' id='word_1_36' title='bbox 1477 767 1773 826; x_wconf 84' lang='lat' dir='ltr'>Monarcha‚</span> <span class='ocrx_word' id='word_1_37' title='bbox 1845 764 1937 815; x_wconf 86' lang='lat' dir='ltr'>five</span> <span class='ocrx_word' id='word_1_38' title='bbox 1987 764 2046 813; x_wconf 89' lang='lat' dir='ltr'>de</span> <span class='ocrx_word' id='word_1_39' title='bbox 2099 778 2169 814; x_wconf 92' lang='lat' dir='ltr'>tot</span> <span class='ocrx_word' id='word_1_40' title='bbox 2221 764 2506 814; x_wconf 80' lang='lat' dir='ltr'>admirandis</span> 
     </span>
     <span class='ocr_line' id='line_1_8' title="bbox 637 851 2503 940; baseline -0.005 -19"><span class='ocrx_word' id='word_1_41' title='bbox 637 888 753 940; x_wconf 11' lang='lat' dir='ltr'>*pro</span> <span class='ocrx_word' id='word_1_42' title='bbox 807 870 1033 937; x_wconf 82' lang='lat' dir='ltr'>dignitate</span> <span class='ocrx_word' id='word_1_43' title='bbox 1078 851 1344 932; x_wconf 83' lang='lat' dir='ltr'>meritoque</span> <span class='ocrx_word' id='word_1_44' title='bbox 1390 865 1636 926; x_wconf 78' lang='lat' dir='ltr'>disserere,</span> <span class='ocrx_word' id='word_1_45' title='bbox 1691 865 1723 915; x_wconf 88' lang='lat' dir='ltr'>fi</span> <span class='ocrx_word' id='word_1_46' title='bbox 1772 867 1875 929; x_wconf 86' lang='lat' dir='ltr'>quis</span> <span class='ocrx_word' id='word_1_47' title='bbox 1926 880 2094 930; x_wconf 87' lang='lat' dir='ltr'>parum</span> <span class='ocrx_word' id='word_1_48' title='bbox 2136 861 2224 912; x_wconf 83' lang='lat' dir='ltr'>effe</span> <span class='ocrx_word' id='word_1_49' title='bbox 2273 861 2503 912; x_wconf 84' lang='lat' dir='ltr'>existima-</span> 
     </span>
     <span class='ocr_line' id='line_1_9' title="bbox 637 961 2505 1037; baseline -0.006 -18"><span class='ocrx_word' id='word_1_50' title='bbox 637 983 759 1029; x_wconf 67' lang='lat' dir='ltr'>⁴ret,</span> <span class='ocrx_word' id='word_1_51' title='bbox 809 965 956 1018; x_wconf 69' lang='lat' dir='ltr'>illum</span> <span class='ocrx_word' id='word_1_52' title='bbox 990 966 1266 1037; x_wconf 62' lang='lat' dir='ltr'>necessecst</span> <span class='ocrx_word' id='word_1_53' title='bbox 1302 968 1348 1014; x_wconf 89' lang='lat' dir='ltr'>in</span> <span class='ocrx_word' id='word_1_54' title='bbox 1387 967 1587 1015; x_wconf 84' lang='lat' dir='ltr'>maxima</span> <span class='ocrx_word' id='word_1_55' title='bbox 1619 981 1777 1014; x_wconf 87' lang='lat' dir='ltr'>rerum</span> <span class='ocrx_word' id='word_1_56' title='bbox 1822 962 2166 1013; x_wconf 80' lang='lat' dir='ltr'>clariffimarum</span> <span class='ocrx_word' id='word_1_57' title='bbox 2207 961 2505 1030; x_wconf 74' lang='lat' dir='ltr'>ignoratione</span> 
     </span>
     <span class='ocr_line' id='line_1_10' title="bbox 638 1043 2503 1133; baseline -0.005 -15"><span class='ocrx_word' id='word_1_58' title='bbox 638 1067 844 1131; x_wconf 56' lang='lat' dir='ltr'>,versarig</span> <span class='ocrx_word' id='word_1_59' title='bbox 909 1066 1035 1133; x_wconf 76' lang='lat' dir='ltr'>Qis</span> <span class='ocrx_word' id='word_1_60' title='bbox 1076 1067 1202 1115; x_wconf 88' lang='lat' dir='ltr'>enim</span> <span class='ocrx_word' id='word_1_61' title='bbox 1231 1043 1432 1130; x_wconf 54' lang='lat' dir='ltr'>{ssquam</span> <span class='ocrx_word' id='word_1_62' title='bbox 1453 1078 1574 1113; x_wconf 87' lang='lat' dir='ltr'>extat</span> <span class='ocrx_word' id='word_1_63' title='bbox 1597 1079 1691 1113; x_wconf 88' lang='lat' dir='ltr'>tam</span> <span class='ocrx_word' id='word_1_64' title='bbox 1721 1060 1946 1111; x_wconf 73' lang='lat' dir='ltr'>abstrusus</span> <span class='ocrx_word' id='word_1_65' title='bbox 1970 1075 2116 1110; x_wconf 84' lang='lat' dir='ltr'>terrae</span> <span class='ocrx_word' id='word_1_66' title='bbox 2136 1060 2353 1127; x_wconf 57' lang='lat' dir='ltr'>angulus³</span> <span class='ocrx_word' id='word_1_67' title='bbox 2383 1075 2503 1123; x_wconf 90' lang='lat' dir='ltr'>quae</span> 
     </span>
     <span class='ocr_line' id='line_1_11' title="bbox 638 1145 2503 1232; baseline -0.003 -19"><span class='ocrx_word' id='word_1_68' title='bbox 638 1145 773 1232; x_wconf 69' lang='lat' dir='ltr'>vgens</span> <span class='ocrx_word' id='word_1_69' title='bbox 809 1179 903 1215; x_wconf 83' lang='lat' dir='ltr'>tam</span> <span class='ocrx_word' id='word_1_70' title='bbox 931 1164 1120 1214; x_wconf 85' lang='lat' dir='ltr'>barbara</span> <span class='ocrx_word' id='word_1_71' title='bbox 1132 1146 1151 1221; x_wconf 8' lang='grc' dir='ltr'>,Ἴ</span> <span class='ocrx_word' id='word_1_72' title='bbox 1193 1179 1312 1227; x_wconf 86' lang='lat' dir='ltr'>quae</span> <span class='ocrx_word' id='word_1_73' title='bbox 1338 1163 1394 1211; x_wconf 91' lang='lat' dir='ltr'>ab</span> <span class='ocrx_word' id='word_1_74' title='bbox 1429 1164 1563 1210; x_wconf 90' lang='lat' dir='ltr'>omni</span> <span class='ocrx_word' id='word_1_75' title='bbox 1591 1163 1884 1226; x_wconf 87' lang='lat' dir='ltr'>reliquorum</span> <span class='ocrx_word' id='word_1_76' title='bbox 1918 1159 2186 1209; x_wconf 84' lang='lat' dir='ltr'>mortalium</span> <span class='ocrx_word' id='word_1_77' title='bbox 2210 1158 2503 1208; x_wconf 83' lang='lat' dir='ltr'>commercio</span> 
     </span>
     <span class='ocr_line' id='line_1_12' title="bbox 655 1254 2504 1327; baseline -0.005 -14"><span class='ocrx_word' id='word_1_78' title='bbox 655 1277 751 1314; x_wconf 89' lang='lat' dir='ltr'>tam</span> <span class='ocrx_word' id='word_1_79' title='bbox 782 1276 962 1313; x_wconf 89' lang='lat' dir='ltr'>remota</span> <span class='ocrx_word' id='word_1_80' title='bbox 1002 1254 1152 1321; x_wconf 83' lang='lat' dir='ltr'>natio,</span> <span class='ocrx_word' id='word_1_81' title='bbox 1212 1276 1355 1326; x_wconf 86' lang='lat' dir='ltr'>quam</span> <span class='ocrx_word' id='word_1_82' title='bbox 1397 1261 1672 1327; x_wconf 85' lang='lat' dir='ltr'>immortalis</span> <span class='ocrx_word' id='word_1_83' title='bbox 1712 1259 1878 1310; x_wconf 74' lang='lat' dir='ltr'>Gallici</span> <span class='ocrx_word' id='word_1_84' title='bbox 1917 1258 2072 1325; x_wconf 81' lang='lat' dir='ltr'><strong>Regni</strong></span> <span class='ocrx_word' id='word_1_85' title='bbox 2111 1256 2229 1307; x_wconf 84' lang='lat' dir='ltr'>fama</span> <span class='ocrx_word' id='word_1_86' title='bbox 2267 1273 2373 1305; x_wconf 89' lang='lat' dir='ltr'>non·</span> <span class='ocrx_word' id='word_1_87' title='bbox 2405 1256 2504 1322; x_wconf 80' lang='lat' dir='ltr'>pri-</span> 
     </span>
     <span class='ocr_line' id='line_1_13' title="bbox 655 1334 2500 1427; baseline -0.004 -16"><span class='ocrx_word' id='word_1_88' title='bbox 655 1362 766 1411; x_wconf 87' lang='lat' dir='ltr'>dem</span> <span class='ocrx_word' id='word_1_89' title='bbox 810 1361 1083 1427; x_wconf 73' lang='lat' dir='ltr'>pervaserit,</span> <span class='ocrx_word' id='word_1_90' title='bbox 1137 1360 1215 1408; x_wconf 90' lang='lat' dir='ltr'>cui</span> <span class='ocrx_word' id='word_1_91' title='bbox 1249 1376 1347 1408; x_wconf 92' lang='lat' dir='ltr'>non</span> <span class='ocrx_word' id='word_1_92' title='bbox 1382 1372 1563 1407; x_wconf 88' lang='lat' dir='ltr'>metum</span> <span class='ocrx_word' id='word_1_93' title='bbox 1596 1373 1672 1408; x_wconf 83' lang='lat' dir='ltr'>aut</span> <span class='ocrx_word' id='word_1_94' title='bbox 1704 1358 2055 1408; x_wconf 84' lang='lat' dir='ltr'>venerationem</span> <span class='ocrx_word' id='word_1_95' title='bbox 2095 1334 2500 1422; x_wconf 62' lang='lat' dir='ltr'>impresseribtam</span> 
     </span>
     <span class='ocr_line' id='line_1_14' title="bbox 651 1447 2501 1522; baseline -0.004 -13"><span class='ocrx_word' id='word_1_96' title='bbox 651 1460 740 1510; x_wconf 86' lang='lat' dir='ltr'>late</span> <span class='ocrx_word' id='word_1_97' title='bbox 763 1447 1000 1509; x_wconf 83' lang='lat' dir='ltr'>dominata</span> <span class='ocrx_word' id='word_1_98' title='bbox 1033 1458 1183 1508; x_wconf 85' lang='lat' dir='ltr'>virtus</span> <span class='ocrx_word' id='word_1_99' title='bbox 1219 1471 1265 1506; x_wconf 92' lang='lat' dir='ltr'>et</span> <span class='ocrx_word' id='word_1_100' title='bbox 1294 1457 1517 1522; x_wconf 85' lang='lat' dir='ltr'>potentia.</span> <span class='ocrx_word' id='word_1_101' title='bbox 1585 1456 1847 1506; x_wconf 87' lang='lat' dir='ltr'>Enimuero</span> <span class='ocrx_word' id='word_1_102' title='bbox 1871 1470 1981 1505; x_wconf 86' lang='lat' dir='ltr'>cum</span> <span class='ocrx_word' id='word_1_103' title='bbox 2011 1452 2242 1504; x_wconf 73' lang='lat' dir='ltr'>Vniuersas</span> <span class='ocrx_word' id='word_1_104' title='bbox 2270 1451 2501 1503; x_wconf 83' lang='lat' dir='ltr'>vastiffimi</span> 
     </span>
     <span class='ocr_line' id='line_1_15' title="bbox 651 1531 2499 1624; baseline -0.004 -16"><span class='ocrx_word' id='word_1_105' title='bbox 651 1558 795 1622; x_wconf 85' lang='lat' dir='ltr'>hujus</span> <span class='ocrx_word' id='word_1_106' title='bbox 838 1558 996 1624; x_wconf 84' lang='lat' dir='ltr'><strong>Regni</strong></span> <span class='ocrx_word' id='word_1_107' title='bbox 1034 1555 1367 1606; x_wconf 84' lang='lat' dir='ltr'>viciffitudines</span> <span class='ocrx_word' id='word_1_108' title='bbox 1405 1555 1697 1620; x_wconf 87' lang='lat' dir='ltr'>compendio</span> <span class='ocrx_word' id='word_1_109' title='bbox 1729 1553 1936 1618; x_wconf 83' lang='lat' dir='ltr'>quodam</span> <span class='ocrx_word' id='word_1_110' title='bbox 1978 1531 2302 1612; x_wconf 43' lang='lat' dir='ltr'>reuoluimus&#39;,</span> <span class='ocrx_word' id='word_1_111' title='bbox 2355 1568 2499 1617; x_wconf 85' lang='lat' dir='ltr'>quam</span> 
     </span>
     <span class='ocr_line' id='line_1_16' title="bbox 652 1653 2499 1723; baseline -0.003 -17"><span class='ocrx_word' id='word_1_112' title='bbox 652 1656 906 1706; x_wconf 73' lang='lat' dir='ltr'>immensus</span> <span class='ocrx_word' id='word_1_113' title='bbox 930 1671 1091 1705; x_wconf 88' lang='lat' dir='ltr'>rerum</span> <span class='ocrx_word' id='word_1_114' title='bbox 1120 1653 1361 1713; x_wconf 82' lang='lat' dir='ltr'>cumuluS,</span> <span class='ocrx_word' id='word_1_115' title='bbox 1415 1667 1583 1723; x_wconf 55' lang='lat' dir='ltr'>quanta</span> <span class='ocrx_word' id='word_1_116' title='bbox 1606 1653 1926 1718; x_wconf 79' lang='lat' dir='ltr'>proeliorum,</span> <span class='ocrx_word' id='word_1_117' title='bbox 1982 1665 2151 1717; x_wconf 85' lang='lat' dir='ltr'>quanta</span> <span class='ocrx_word' id='word_1_118' title='bbox 2178 1653 2499 1710; x_wconf 71' lang='lat' dir='ltr'>victoriarum,</span> 
     </span>
     <span class='ocr_line' id='line_1_17' title="bbox 652 1749 2497 1820; baseline -0.003 -16"><span class='ocrx_word' id='word_1_119' title='bbox 652 1769 825 1820; x_wconf 85' lang='lat' dir='ltr'>quanta</span> <span class='ocrx_word' id='word_1_120' title='bbox 857 1754 1099 1804; x_wconf 83' lang='lat' dir='ltr'>illustrium</span> <span class='ocrx_word' id='word_1_121' title='bbox 1131 1751 1333 1816; x_wconf 86' lang='lat' dir='ltr'>denique</span> <span class='ocrx_word' id='word_1_122' title='bbox 1372 1751 1577 1802; x_wconf 85' lang='lat' dir='ltr'>fatorum</span> <span class='ocrx_word' id='word_1_123' title='bbox 1613 1750 1740 1818; x_wconf 73' lang='lat' dir='ltr'>{eges</span> <span class='ocrx_word' id='word_1_124' title='bbox 1783 1750 2009 1802; x_wconf 74' lang='lat' dir='ltr'>occurrit.</span> <span class='ocrx_word' id='word_1_125' title='bbox 2126 1750 2336 1799; x_wconf 80' lang='lat' dir='ltr'>Surrexit</span> <span class='ocrx_word' id='word_1_126' title='bbox 2367 1749 2497 1808; x_wconf 70' lang='lat' dir='ltr'>issud,</span> 
     </span>
     <span class='ocr_line' id='line_1_18' title="bbox 649 1846 2497 1913; baseline -0.004 -9"><span class='ocrx_word' id='word_1_127' title='bbox 649 1853 935 1912; x_wconf 81' lang='lat' dir='ltr'>AuditoreS,</span> <span class='ocrx_word' id='word_1_128' title='bbox 980 1868 1038 1902; x_wconf 83' lang='lat' dir='ltr'>ex</span> <span class='ocrx_word' id='word_1_129' title='bbox 1062 1852 1208 1902; x_wconf 84' lang='lat' dir='ltr'>ruinis</span> <span class='ocrx_word' id='word_1_130' title='bbox 1245 1848 1532 1900; x_wconf 80' lang='lat' dir='ltr'>formidandi</span> <span class='ocrx_word' id='word_1_131' title='bbox 1568 1849 1694 1899; x_wconf 86' lang='lat' dir='ltr'>istius</span> <span class='ocrx_word' id='word_1_132' title='bbox 1729 1850 1934 1900; x_wconf 80' lang='lat' dir='ltr'>Romani</span> <span class='ocrx_word' id='word_1_133' title='bbox 1963 1849 2182 1913; x_wconf 76' lang='lat' dir='ltr'>Imperii,</span> <span class='ocrx_word' id='word_1_134' title='bbox 2222 1846 2348 1897; x_wconf 83' lang='lat' dir='ltr'>etad</span> <span class='ocrx_word' id='word_1_135' title='bbox 2379 1847 2497 1912; x_wconf 79' lang='lat' dir='ltr'>Ejus</span> 
     </span>
     <span class='ocr_line' id='line_1_19' title="bbox 651 1944 2498 2017; baseline -0.005 -14"><span class='ocrx_word' id='word_1_136' title='bbox 651 1953 926 2017; x_wconf 79' lang='lat' dir='ltr'>exemplum</span> <span class='ocrx_word' id='word_1_137' title='bbox 951 1951 1006 2000; x_wconf 86' lang='lat' dir='ltr'>ad</span> <span class='ocrx_word' id='word_1_138' title='bbox 1036 1948 1349 1999; x_wconf 83' lang='lat' dir='ltr'>inuidendum</span> <span class='ocrx_word' id='word_1_139' title='bbox 1382 1965 1497 1998; x_wconf 86' lang='lat' dir='ltr'>mox</span> <span class='ocrx_word' id='word_1_140' title='bbox 1533 1949 1710 2015; x_wconf 80' lang='lat' dir='ltr'>gloriae</span> <span class='ocrx_word' id='word_1_141' title='bbox 1731 1961 1776 1997; x_wconf 89' lang='lat' dir='ltr'>et</span> <span class='ocrx_word' id='word_1_142' title='bbox 1805 1948 2038 2013; x_wconf 82' lang='lat' dir='ltr'>potentiae</span> <span class='ocrx_word' id='word_1_143' title='bbox 2069 1945 2256 1995; x_wconf 87' lang='lat' dir='ltr'>culmen</span> <span class='ocrx_word' id='word_1_144' title='bbox 2276 1944 2498 1994; x_wconf 86' lang='lat' dir='ltr'>conscen-</span> 
     </span>
     <span class='ocr_line' id='line_1_20' title="bbox 652 2042 2495 2114; baseline -0.003 -15"><span class='ocrx_word' id='word_1_145' title='bbox 652 2051 734 2100; x_wconf 85' lang='lat' dir='ltr'>dit.</span> <span class='ocrx_word' id='word_1_146' title='bbox 820 2052 972 2099; x_wconf 81' lang='lat' dir='ltr'>Aucta</span> <span class='ocrx_word' id='word_1_147' title='bbox 999 2048 1061 2098; x_wconf 89' lang='lat' dir='ltr'>est</span> <span class='ocrx_word' id='word_1_148' title='bbox 1090 2045 1291 2098; x_wconf 72' lang='lat' dir='ltr'>success&#39;u</span> <span class='ocrx_word' id='word_1_149' title='bbox 1329 2048 1556 2114; x_wconf 84' lang='lat' dir='ltr'>temporis</span> <span class='ocrx_word' id='word_1_150' title='bbox 1589 2047 1701 2098; x_wconf 79' lang='lat' dir='ltr'>haec</span> <span class='ocrx_word' id='word_1_151' title='bbox 1733 2045 1923 2096; x_wconf 74' lang='lat' dir='ltr'>felicitas</span> <span class='ocrx_word' id='word_1_152' title='bbox 1948 2044 2160 2110; x_wconf 75' lang='lat' dir='ltr'>publica,</span> <span class='ocrx_word' id='word_1_153' title='bbox 2215 2059 2326 2092; x_wconf 85' lang='lat' dir='ltr'>cum</span> <span class='ocrx_word' id='word_1_154' title='bbox 2347 2042 2495 2093; x_wconf 88' lang='lat' dir='ltr'>Caro-</span> 
     </span>
     <span class='ocr_line' id='line_1_21' title="bbox 648 2142 2492 2214; baseline -0.004 -16"><span class='ocrx_word' id='word_1_155' title='bbox 648 2149 747 2199; x_wconf 88' lang='lat' dir='ltr'>lum</span> <span class='ocrx_word' id='word_1_156' title='bbox 791 2147 946 2213; x_wconf 85' lang='lat' dir='ltr'>postea</span> <span class='ocrx_word' id='word_1_157' title='bbox 988 2148 1227 2214; x_wconf 84' lang='lat' dir='ltr'>Magnum</span> <span class='ocrx_word' id='word_1_158' title='bbox 1268 2147 1315 2194; x_wconf 91' lang='lat' dir='ltr'>in</span> <span class='ocrx_word' id='word_1_159' title='bbox 1349 2146 1502 2212; x_wconf 84' lang='lat' dir='ltr'>Regio</span> <span class='ocrx_word' id='word_1_160' title='bbox 1545 2146 1763 2193; x_wconf 80' lang='lat' dir='ltr'>Franciae</span> <span class='ocrx_word' id='word_1_161' title='bbox 1808 2142 1949 2201; x_wconf 81' lang='lat' dir='ltr'>solio,</span> <span class='ocrx_word' id='word_1_162' title='bbox 1997 2155 2215 2205; x_wconf 81' lang='lat' dir='ltr'>tanquam</span> <span class='ocrx_word' id='word_1_163' title='bbox 2261 2158 2412 2192; x_wconf 87' lang='lat' dir='ltr'>novae</span> <span class='ocrx_word' id='word_1_164' title='bbox 2445 2154 2492 2191; x_wconf 82' lang='lat' dir='ltr'>et</span> 
     </span>
     <span class='ocr_line' id='line_1_22' title="bbox 648 2240 2499 2309; baseline -0.003 -14"><span class='ocrx_word' id='word_1_165' title='bbox 648 2244 913 2296; x_wconf 81' lang='lat' dir='ltr'>Vniuersalis</span> <span class='ocrx_word' id='word_1_166' title='bbox 938 2244 1182 2309; x_wconf 81' lang='lat' dir='ltr'>cujusdam</span> <span class='ocrx_word' id='word_1_167' title='bbox 1221 2243 1525 2293; x_wconf 84' lang='lat' dir='ltr'>Monarchiae</span> <span class='ocrx_word' id='word_1_168' title='bbox 1550 2241 1894 2300; x_wconf 72' lang='lat' dir='ltr'>Conditorem,</span> <span class='ocrx_word' id='word_1_169' title='bbox 1939 2254 1983 2290; x_wconf 90' lang='lat' dir='ltr'>et</span> <span class='ocrx_word' id='word_1_170' title='bbox 2014 2240 2251 2290; x_wconf 82' lang='lat' dir='ltr'>summum</span> <span class='ocrx_word' id='word_1_171' title='bbox 2275 2242 2499 2306; x_wconf 77' lang='lat' dir='ltr'>Europae</span> 
     </span>
     <span class='ocr_line' id='line_1_23' title="bbox 647 2339 2491 2406; baseline -0.002 -13"><span class='ocrx_word' id='word_1_172' title='bbox 647 2342 890 2393; x_wconf 77' lang='lat' dir='ltr'>Arbitrum</span> <span class='ocrx_word' id='word_1_173' title='bbox 931 2357 1057 2392; x_wconf 88' lang='lat' dir='ltr'>totus</span> <span class='ocrx_word' id='word_1_174' title='bbox 1083 2344 1258 2394; x_wconf 84' lang='lat' dir='ltr'>Oriens</span> <span class='ocrx_word' id='word_1_175' title='bbox 1282 2357 1419 2406; x_wconf 85' lang='lat' dir='ltr'>atque</span> <span class='ocrx_word' id='word_1_176' title='bbox 1455 2341 1697 2391; x_wconf 83' lang='lat' dir='ltr'>Occidens</span> <span class='ocrx_word' id='word_1_177' title='bbox 1733 2341 1988 2406; x_wconf 80' lang='lat' dir='ltr'>suspiceret.</span> <span class='ocrx_word' id='word_1_178' title='bbox 2091 2341 2151 2388; x_wconf 84' lang='lat' dir='ltr'>Et</span> <span class='ocrx_word' id='word_1_179' title='bbox 2181 2353 2233 2389; x_wconf 88' lang='lat' dir='ltr'>vt</span> <span class='ocrx_word' id='word_1_180' title='bbox 2259 2339 2369 2389; x_wconf 87' lang='lat' dir='ltr'>huic</span> <span class='ocrx_word' id='word_1_181' title='bbox 2395 2353 2491 2389; x_wconf 84' lang='lat' dir='ltr'>tam</span> 
     </span>
     <span class='ocr_line' id='line_1_24' title="bbox 648 2438 2491 2508; baseline -0.002 -16"><span class='ocrx_word' id='word_1_182' title='bbox 648 2441 776 2493; x_wconf 81' lang='lat' dir='ltr'>vasto</span> <span class='ocrx_word' id='word_1_183' title='bbox 811 2441 1043 2508; x_wconf 84' lang='lat' dir='ltr'>splendori</span> <span class='ocrx_word' id='word_1_184' title='bbox 1072 2440 1300 2508; x_wconf 84' lang='lat' dir='ltr'>quicquid</span> <span class='ocrx_word' id='word_1_185' title='bbox 1326 2442 1373 2489; x_wconf 84' lang='lat' dir='ltr'>in</span> <span class='ocrx_word' id='word_1_186' title='bbox 1403 2441 1535 2489; x_wconf 83' lang='lat' dir='ltr'>terris</span> <span class='ocrx_word' id='word_1_187' title='bbox 1564 2439 1756 2489; x_wconf 82' lang='lat' dir='ltr'>subiime</span> <span class='ocrx_word' id='word_1_188' title='bbox 1789 2439 1972 2506; x_wconf 82' lang='lat' dir='ltr'>insuper</span> <span class='ocrx_word' id='word_1_189' title='bbox 1999 2438 2263 2499; x_wconf 82' lang='lat' dir='ltr'>accederet,</span> <span class='ocrx_word' id='word_1_190' title='bbox 2297 2454 2491 2489; x_wconf 83' lang='lat' dir='ltr'>reuoca-</span> 
     </span>
     <span class='ocr_line' id='line_1_25' title="bbox 650 2527 2529 2603; baseline -0.002 -12"><span class='ocrx_word' id='word_1_191' title='bbox 650 2555 724 2592; x_wconf 84' lang='lat' dir='ltr'>tus</span> <span class='ocrx_word' id='word_1_192' title='bbox 751 2542 849 2600; x_wconf 78' lang='lat' dir='ltr'>ille,</span> <span class='ocrx_word' id='word_1_193' title='bbox 908 2555 953 2590; x_wconf 90' lang='lat' dir='ltr'>et</span> <span class='ocrx_word' id='word_1_194' title='bbox 989 2541 1036 2589; x_wconf 89' lang='lat' dir='ltr'>in</span> <span class='ocrx_word' id='word_1_195' title='bbox 1077 2541 1348 2591; x_wconf 85' lang='lat' dir='ltr'>Francicam</span> <span class='ocrx_word' id='word_1_196' title='bbox 1381 2539 1590 2588; x_wconf 84' lang='lat' dir='ltr'>Gentem</span> <span class='ocrx_word' id='word_1_197' title='bbox 1625 2540 1892 2598; x_wconf 70' lang='lat' dir='ltr'>translatus,</span> <span class='ocrx_word' id='word_1_198' title='bbox 1945 2539 2039 2598; x_wconf 78' lang='lat' dir='ltr'>ille,</span> <span class='ocrx_word' id='word_1_199' title='bbox 2098 2538 2316 2603; x_wconf 74' lang='lat' dir='ltr'>inquam,</span> <span class='ocrx_word' id='word_1_200' title='bbox 2364 2527 2529 2588; x_wconf 67' lang='lat' dir='ltr'>saeua&#39;</span> 
     </span>
    </p>
   </div>
   <div class='ocr_carea' id='block_1_5' title="bbox 647 2635 2493 2708">
    <p class='ocr_par' dir='ltr' id='par_1_5' title="bbox 647 2635 2493 2708">
     <span class='ocr_line' id='line_1_26' title="bbox 647 2635 2493 2708; baseline -0.005 -17"><span class='ocrx_word' id='word_1_201' title='bbox 647 2641 937 2708; x_wconf 85' lang='lat' dir='ltr'>populorum</span> <span class='ocrx_word' id='word_1_202' title='bbox 972 2639 1234 2692; x_wconf 76' lang='lat' dir='ltr'>incursione</span> <span class='ocrx_word' id='word_1_203' title='bbox 1263 2656 1348 2706; x_wconf 86' lang='lat' dir='ltr'>per</span> <span class='ocrx_word' id='word_1_204' title='bbox 1383 2640 1467 2690; x_wconf 78' lang='lat' dir='ltr'>tria</span> <span class='ocrx_word' id='word_1_205' title='bbox 1497 2637 1639 2690; x_wconf 79' lang='lat' dir='ltr'>secula</span> <span class='ocrx_word' id='word_1_206' title='bbox 1676 2637 1880 2705; x_wconf 73' lang='lat' dir='ltr'>sepultus</span> <span class='ocrx_word' id='word_1_207' title='bbox 1904 2638 2104 2690; x_wconf 80' lang='lat' dir='ltr'>Rotnani</span> <span class='ocrx_word' id='word_1_208' title='bbox 2132 2653 2216 2705; x_wconf 85' lang='lat' dir='ltr'>per</span> <span class='ocrx_word' id='word_1_209' title='bbox 2247 2635 2493 2690; x_wconf 68' lang='lat' dir='ltr'>Occiden-</span> 
     </span>
    </p>
   </div>
   <div class='ocr_carea' id='block_1_6' title="bbox 2389 2748 2487 2787">
    <p class='ocr_par' dir='ltr' id='par_1_6' title="bbox 2389 2748 2487 2787">
     <span class='ocr_line' id='line_1_27' title="bbox 2389 2748 2487 2787; baseline 0.02 -2"><span class='ocrx_word' id='word_1_210' title='bbox 2389 2748 2487 2787; x_wconf 84' lang='lat' dir='ltr'>tem</span> 
     </span>
    </p>
   </div>
   <div class='ocr_carea' id='block_1_7' title="bbox 2615 1323 2618 2252">
    <p class='ocr_par' dir='ltr' id='par_1_7' title="bbox 2615 1323 2618 2252">
     <span class='ocr_line' id='line_1_28' title="bbox 2615 1323 2618 2252; baseline 0 0"><span class='ocrx_word' id='word_1_211' title='bbox 2615 1323 2618 2252; x_wconf 95' lang='lat' dir='ltr'> </span> 
     </span>
    </p>
   </div>
   <div class='ocr_carea' id='block_1_8' title="bbox 0 3463 2618 3485">
    <p class='ocr_par' dir='ltr' id='par_1_8' title="bbox 0 3463 2618 3485">
     <span class='ocr_line' id='line_1_29' title="bbox 0 3463 2618 3485; baseline 0 0"><span class='ocrx_word' id='word_1_212' title='bbox 0 3463 2618 3485; x_wconf 95' lang='lat' dir='ltr'> </span> 
     </span>
    </p>
   </div>
  </div>
 </body>
</html>
