2567 3470
644 322 719 375 16
1250 311 1874 394 'QXoXss

641 449 747 486 turn
779 431 886 486 us'us
917 434 980 484 est
1012 435 1059 486 in
1089 436 1360 490 ordinandis
1394 439 1585 490 feliciter
1615 441 1753 491 rebus
1781 440 1869 492 suis
1900 440 2102 502 solertia3
2138 440 2185 492 in
2219 434 2488 510 detegendis
2539 433 2555 481 '¹³

646 535 852 585 hostium
893 534 1124 587 destinatis
1155 538 1448 603 prouidentia
1483 553 1527 589 et
1561 538 1829 608 sagacitatc3
1868 541 1915 589 in
1953 540 2236 604 exequendis
2280 541 2489 617 confilioo
2540 534 2560 591 ,1

647 650 756 684 rum
780 633 978 684 decretis
1006 636 1232 687 celeritate
1253 652 1298 689 et
1320 638 1595 702 constantia;
1632 638 1909 689 fortitudine
1940 638 2143 703 denique
2177 653 2222 689 et
2253 643 2491 707 magnani‘·
2559 682 2562 689 .

648 734 808 783 mitate
839 734 887 783 in
911 734 1091 786 strenue
1119 736 1437 802 perficiendis,
1472 755 1580 803 quae
1611 738 1768 787 diuina
1804 739 1902 786 eius
1937 736 2019 803 ipsi
2053 736 2349 803 inspirauerat
2380 755 2490 806 pru-
2548 728 2555 742 ³

649 831 819 882 dentia.
905 834 1036 883 Hinc
1065 832 1240 885 factum
1277 835 1365 895 est,
1401 851 1452 886 ut
1483 851 1528 886 et
1561 837 1764 886 hostium
1799 836 2017 886 fiduciam
2056 850 2101 885 et
2130 835 2271 902 ipsam
2303 836 2491 890 suorum

651 929 781 997 spem
803 913 1235 997 saepiffime'falleret
1255 948 1332 984 aut
1353 936 1583 995 vinceret,
1620 953 1671 985 ac
1707 951 1806 984 non
1842 933 1987 986 solum
2015 938 2287 1001 priusquam
2324 946 2492 1003 ageret,
2546 958 2567 1008 ⁴·

651 1028 727 1078 sed
757 1043 803 1079 et
836 1045 946 1079 cum
985 1032 1179 1099 egisset,
1216 1032 1358 1083 fidem
1390 1036 1608 1084 omnium
1651 1033 1894 1100 superaret.
1991 1034 2182 1100 Dignus
2218 1049 2316 1086 erat
2344 1049 2502 1092 tantus
2549 1053 2567 1085 ··.

656 1129 840 1188 Heros,
876 1131 957 1194 qui
976 1130 1215 1182 fortunam
1236 1129 1317 1181 sub
1343 1131 1425 1183 suo
1448 1133 1571 1199 quasi
1597 1133 1842 1183 dominatu
1864 1150 1916 1183 ac
1934 1133 2127 1183 arbitrio
2148 1146 2355 1200 regeret,
2389 1149 2495 1200 quae
2541 1152 2557 1181 Δε

656 1226 773 1277 adeo
796 1228 1059 1280 constanter
1085 1231 1235 1296 ipsum
1265 1247 1507 1292 venerata,
1541 1246 1592 1282 ut
1623 1231 1916 1281 incredibiles
1941 1247 1987 1281 et
2021 1232 2274 1298 stupendos
2309 1231 2495 1298 prorsus
2564 1246 2567 1279 ε

650 1343 818 1383 ,rerum
855 1326 1079 1379 successus
1100 1331 1469 1397 immensamque
1509 1329 1875 1381 felicissimorum
1907 1345 2161 1381 euentuum
2196 1332 2383 1397 copiam
2417 1329 2499 1397 ipfi
2550 1353 2567 1397 ,ε

658 1424 933 1476 ostenderet.
999 1428 1151 1478 Cuius
1181 1432 1247 1480 rei
1273 1430 1454 1479 illustria
1477 1444 1522 1479 et
1554 1429 1610 1478 ad
1639 1430 1858 1479 omnium
1886 1443 2074 1479 aetatum
2109 1431 2388 1480 memoriam
2412 1429 2502 1480 du·
2547 1432 2563 1489 ’ζ

661 1536 812 1574 ratura
837 1523 1194 1590 suppeditabunt
1218 1529 1477 1578 testimonia
1499 1528 1702 1593 ampliati
1728 1528 1987 1593 prolatique
2018 1530 2204 1593 imperii
2227 1529 2342 1578 fines
2353 1562 2367 1588 ‚
2402 1512 2510 1580 ma·v
2549 1561 2558 1578 .

661 1622 787 1672 xima
815 1622 1103 1675 domitarum
1122 1629 1338 1694 gentium
1361 1629 1520 1693 copia,
1556 1642 1851 1693 magnusque
1883 1627 2271 1676 confirmatorum
2301 1627 2349 1676 in
2371 1626 2498 1678 obse-
2550 1631 2567 1677 is

663 1722 781 1784 quio
805 1723 1094 1787 populorum
1128 1742 1365 1775 numerus.
1432 1725 1678 1776 Caeterum
1710 1738 1781 1773 tot
1811 1725 1984 1775 bellicis
2013 1726 2225 1776 laudibus
2253 1727 2498 1777 innutritus
2528 1723 2529 1727 ¹

666 1818 980 1872 Germanicus
1002 1822 1155 1873 Caesar
1176 1824 1318 1890 ipsam
1347 1841 1543 1889 quoque
1564 1840 1727 1888 pacem
1758 1823 1984 1873 rariffimo
2007 1824 2225 1891 exemplo
2256 1824 2500 1875 vehemen-
2554 1840 2567 1874 ι

667 1930 737 1966 ter
759 1920 941 1969 amauit.
1010 1922 1137 1990 Non
1161 1924 1316 1972 timuit
1335 1923 1471 1981 bella,
1503 1922 1577 1972 sed
1605 1940 1691 1972 nec
1716 1924 2008 1987 prouocauit,
2042 1937 2120 1973 aut
2140 1939 2198 1973 ex
2216 1925 2350 1973 omni
2371 1939 2500 1974 occa·
2554 1941 2567 1946 ·'

669 2014 797 2066 sione
820 2019 1088 2085 triumphos
1111 2021 1191 2072 fibi
1212 2022 1434 2087 quaesiuit.
1501 2023 1623 2072 Non
1648 2037 1770 2088 opus
1789 2035 1884 2071 erat
1907 2023 2145 2072 materiam
2171 2022 2278 2072 belli
2298 2029 2499 2093 quaerere

670 2114 904 2182 Principi,
939 2118 1014 2168 cui
1048 2136 1136 2185 pax
1173 2138 1365 2186 quoque
1397 2121 1672 2186 sempiterna
1702 2120 1867 2186 gloriae
1904 2133 1950 2169 et
1983 2121 2171 2169 virtutis
2199 2115 2498 2183 monumento
2554 2136 2555 2139 ’

672 2213 933 2274 constituit,
968 2219 1143 2282 quique
1169 2235 1228 2267 eo
1248 2222 1397 2267 maior
1416 2231 1533 2277 erat,
1570 2217 1702 2282 quod
1731 2233 1805 2266 res
1825 2216 2144 2268 diuerfiffimas
2168 2215 2499 2286 coniungendo
2555 2219 2558 2223 ’

675 2327 859 2362 nouum
891 2314 995 2363 orbi
1028 2316 1219 2366 maximi
1258 2302 1486 2382 Principis
1517 2318 1758 2381 exemplat·
1788 2315 2044 2382 proposuit.
2125 2317 2266 2367 Redit
2295 2332 2414 2385 ergo
2445 2327 2500 2366 ex

674 2408 796 2460 bello
816 2411 1129 2465 Germanicus
1150 2429 1198 2465 et
1216 2417 1446 2465 continuo
1476 2414 1518 2464 se
1552 2415 1747 2481 explicat
1779 2415 2006 2464 virtutum
2038 2416 2304 2476 illustrium,
2339 2403 2501 2482 quibus

677 2525 768 2573 pax
807 2524 856 2560 et
888 2512 1164 2578 Respublica
1195 2513 1526 2574 construatur,
1561 2514 1748 2564 cohors.
1798 2584 1800 2586 ·
1852 2514 1977 2564 Eum
2015 2514 2208 2566 induiffe
2241 2515 2502 2580 Principem

681 2609 894 2661 animum
923 2611 1105 2672 videaS,
1139 2613 1226 2665 acfi
1252 2615 1303 2664 in
1333 2614 1454 2665 bello
1481 2615 1626 2688 nullas
1652 2615 1756 2666 alias
1787 2630 1927 2680 quarn
1966 2616 2091 2681 pacis
2119 2626 2240 2667 artes
2272 2606 2502 2668 didicisset,

2411 2706 2502 2762 bel-

2528 2307 2557 2398 5,

2530 2816 2533 2881 1
2551 2876 2553 2879 .

2528 2996 2532 3061 1

2527 3189 2531 3305 3

2527 3313 2531 3346 1

1370 3354 2567 3470 ᾑ--ᾴ-Δ.
