2567 3470
640 332 713 389 78
1250 319 1877 399 ''QXoXess'

641 453 699 486 ex
731 437 877 499 Italis,
911 440 1025 491 bella
1062 440 1135 489 vel
1170 445 1383 510 negotia,
1417 461 1624 509 quoium
1660 445 1741 512 ipsi
1778 444 2014 494 interdum
2039 458 2145 511 pars
2185 458 2353 514 magna
2381 446 2518 500 fue-

641 550 750 585 tunt
776 571 788 595 ,
825 540 1230 601 memorantibus,
1275 542 1403 591 idem
1440 544 1494 593 ab
1533 546 1700 594 exteris
1753 556 1799 593 et
1845 544 2150 609 popularibus
2194 545 2477 611 perhibitum
2539 566 2567 609 μ

643 637 845 687 veritatis
868 637 1183 690 testimonium
1198 673 1212 701 ,
1247 656 1332 691 cur
1362 642 1446 693 illis
1470 641 1726 710 denegares
1749 640 2010 693 assensum‘2
2463 650 2473 677 ³

776 837 952 888 Coecus
987 837 1049 888 sui
1078 839 1218 905 ipsius
1248 857 1381 891 amor
1412 841 1674 908 Scriptores
1704 839 1896 891 subinde
1921 840 2217 906 corrumpit3
2253 840 2488 901 Plurimos
2548 858 2567 902 β

645 936 847 1000 partium
879 936 1082 987 studium
1119 941 1215 1005 egit
1245 939 1529 990 transuersos
1551 974 1564 999 ,
1611 940 1691 1004 qui
1728 939 1802 988 vel
1834 938 1948 988 odio
1982 939 2056 989 vel
2087 938 2374 1001 adulatione,
2409 932 2490 992 vel

645 1034 794 1082 nimio
817 1036 863 1082 in
887 1037 1080 1099 patriam
1103 1050 1149 1086 et
1170 1038 1419 1103 populares
1439 1055 1614 1099 amore,
1635 1053 1736 1088 non
1761 1052 1855 1088 tam
1876 1038 2082 1096 veritati,
2103 1053 2245 1102 quam
2267 1037 2356 1089 suis
2379 1037 2502 1091 obe'ss¹⁸
2544 1043 2550 1103 ᾗ

648 1129 835 1181 dierunt
858 1131 1113 1185 affectibus.
1198 1136 1441 1186 Zofimum
1472 1138 1647 1203 ubique
1682 1136 1864 1187 hostem
1897 1135 2232 1188 Constantinus
2261 1151 2306 1188 et
2324 1138 2486 1190 Theo·
2534 1126 2535 1132 ¹

647 1227 802 1280 dofius
827 1231 874 1280 in
897 1232 995 1282 eius
1018 1235 1197 1300 experti
1219 1233 1322 1284 sunt
1348 1235 1533 1287 historia
1543 1251 1563 1298 ς
1596 1237 1859 1302 Procopius
1886 1234 1992 1296 suis,
2004 1251 2111 1301 quae
2130 1236 2178 1285 in
2192 1232 2488 1289 Iustinianum
2548 1215 2567 1323 'A

649 1341 694 1378 et
727 1331 983 1397 coniugem
1021 1333 1157 1384 vivos
1191 1332 1356 1391 effudit
1402 1336 1601 1403 elogiis,
1654 1349 1700 1385 et
1731 1337 1903 1393 atroci,
1939 1351 2081 1399 quarn
2103 1367 2117 1393 ,
2162 1348 2334 1386 mutata
2374 1352 2488 1389 mox
2536 1325 2561 1363 Ψ

649 1429 841 1493 persona
866 1464 880 1489 2
915 1431 962 1480 in
989 1446 1206 1483 mortuos
1239 1435 1485 1494 euomuit,
1522 1433 1845 1483 criminatione
1883 1432 1956 1482 vel
1990 1433 2196 1498 improbi
2229 1428 2493 1498 adulatoris}
2550 1454 2554 1460 ’

649 1526 724 1575 vel
747 1528 982 1592 exquifitae
1010 1532 1228 1595 nequitiae
1249 1531 1328 1581 fibi
1360 1531 1530 1583 famam
1553 1531 1677 1599 apud
1713 1529 1923 1597 posteros
1945 1532 2251 1597 comparauit.
2321 1535 2488 1601 Meyer.
2548 1551 2549 1554 ¹

650 1641 731 1675 rus
767 1626 837 1675 ille
864 1627 1064 1678 Flander
1094 1630 1143 1679 in
1172 1630 1475 1680 Ludouicum
1496 1632 1574 1680 XI.
1609 1630 1747 1680 nimis
1779 1630 1965 1695 iniquus
2003 1628 2078 1678 est.
2170 1629 2487 1696 Elisabetham,
2539 1622 2540 1633 ¹

652 1738 706 1774 ut
737 1725 1051 1791 Tifiphonem
1083 1743 1141 1777 ex
1182 1727 1313 1779 furiis
1342 1729 1602 1779 rediuiuam
1626 1762 1640 1788 ,
1675 1729 1826 1793 pinxit
1856 1727 2088 1778 Sanderus
2107 1761 2121 1789 ,
2159 1744 2300 1795 quam
2334 1730 2515 1802 chari-5
2540 1787 2541 1793 ,

653 1836 757 1873 tum
791 1841 1015 1886 numero,
1052 1825 1083 1875 fi
1115 1826 1325 1877 haeresim
1362 1828 1588 1894 excipiaS,
1623 1828 1699 1878 vel
1733 1826 1887 1878 hostes
1920 1826 2197 1878 adscribunt.
2264 1831 2422 1882 Iouius
2443 1831 2490 1882 in
2541 1832 2555 1906 3'

653 1923 750 1973 aula
786 1926 972 1974 Henrici
996 1926 1051 1976 ΙΙ.
1086 1925 1406 1977 obscuriffimo
1440 1927 1612 1992 cuique
1655 1926 1905 1976 claritatem
1957 1927 2143 1994 generis
2195 1928 2499 2006 pollicebatur:

654 2023 888 2073 mercede.
955 2026 1360 2079 Mommorantius
1381 2029 1556 2086 AnnaS,
1582 2025 1786 2077 Franciae
1807 2024 1967 2075 stabuli
1991 2025 2194 2085 ComeS,
2228 2027 2284 2078 ab
2310 2044 2368 2078 eo
2394 2044 2503 2081 now·
2556 2011 2567 2022 '¹

656 2121 787 2171 aliam
821 2123 885 2173 ob
918 2123 1095 2174 causam
1127 2125 1365 2177 traductus
1400 2126 1487 2185 est,
1524 2141 1665 2190 quam
1699 2123 1830 2189 quod
1865 2122 2018 2173 nescio
2049 2124 2164 2188 quid
2195 2123 2519 2192 impudenter}

657 2235 821 2286 petens
855 2223 1018 2272 tuliffet
1048 2222 1286 2288 repulsam.
1372 2225 1620 2289 Aretinum
1654 2223 1969 2288 praeterimus,
2005 2223 2136 2273 cuius
2178 2222 2329 2274 stilum
2362 2209 2492 2278 toties

658 2319 935 2386 Principum
976 2321 1113 2371 donis
1146 2335 1427 2388 corruptum
1459 2322 1564 2387 quis
1590 2320 1764 2373 nescit?
1816 2320 2024 2379 Velleio,
2060 2321 2241 2371 Tiberii
2275 2337 2320 2374 et
2351 2323 2492 2375 Seiani
2552 2365 2554 2369 .

658 2418 908 2480 adulatori,
944 2421 991 2470 in
1022 2421 1161 2471 rebus
1188 2421 1325 2471 huius
1355 2421 1584 2487 Principis
1619 2419 1884 2471 enarrandis
1918 2418 2188 2470 diffidimus.
2260 2421 2491 2489 Plerisque
2565 2439 2567 2441 ·

659 2515 724 2566 sui
747 2520 973 2584 temporis
1000 2520 1294 2586 Principibus
1317 2518 1551 2585 superiore
1573 2535 1680 2569 aevo
1704 2535 1909 2586 pennam
1936 2518 2146 2569 venalem
2183 2519 2352 2570 obtulit
2372 2521 2491 2572 Gre-
2546 2551 2550 2576 ι

660 2617 825 2682 gorius
860 2618 932 2668 ille
964 2619 1120 2670 Letius
1142 2652 1155 2679 ,
1190 2619 1302 2670 alios
1332 2619 1598 2670 redditurus
1633 2616 1957 2679 immortales,
1992 2617 2073 2684 qui
2106 2617 2229 2669 unde
2259 2619 2352 2670 suae
2384 2630 2495 2685 pro-e
2545 2580 2551 2657 1

2303 2766 2306 2769 ,
2359 2715 2496 2785 spice·
2548 2680 2551 2794 ι

2548 2796 2551 2883 Ξ

2547 2913 2552 3030 l

2548 3093 2552 3178 l
