2618 3485
728 383 797 438 ³2
1329 364 1438 445 ’Q
1517 338 1765 443 ><0'><
1843 369 1955 445 aa&

726 489 956 546 cernitur,
990 485 1061 537 illa
1099 488 1299 554 denique
1338 491 1655 559 restinguendi
1684 493 1984 561 singularium
2024 494 2332 543 certaminum
2369 497 2559 556 ardoris,

714 601 951 635 renouato
982 603 1174 651 quoque
1199 605 1351 654 nuper
1373 590 1543 640 Edicto
1581 594 1627 640 in
1661 591 1757 657 ipso
1788 592 1932 641 statim
1955 594 2212 658 Regiminis
2234 571 2371 642 editu
2399 595 2423 642 ἐι
2456 596 2561 644 Ma·

725 686 856 733 ximo
898 686 1031 752 Rege
1064 687 1249 752 repreffi
1276 722 1289 746 ,
1346 705 1455 738 cura
1500 703 1545 738 et
1584 690 1838 749 industria,
1884 707 2042 738 nonne
2086 689 2252 740 infiniti
2308 693 2561 757 temporis;

725 799 884 832 nonne
917 784 1231 849 plurimorum
1263 788 1444 851 potius,
1480 805 1623 852 quam
1662 806 1921 854 paucorum
1953 790 2000 837 in
2033 805 2131 837 vno
2163 782 2311 855 regno
2343 805 2388 838 et
2427 791 2618 859 vniusw

723 881 820 932 fere
853 882 988 931 seculi
1014 883 1213 950 'Regum
1251 885 1450 935 instituta
1492 887 1722 936 videntur.
1824 887 2047 938 Defuiss'et
2078 888 2296 954 gentibus
2337 902 2429 936 tam
2467 904 2564 939 rara

724 980 1019 1047 praedicandi
1057 984 1268 1042 materia,
1304 984 1548 1034 defuissent
1590 1000 1660 1035 fot
1695 1003 1854 1035 rerum
1888 986 2128 1035 illustrium
2159 986 2363 1050 species,
2399 986 2428 1034 fi
2457 987 2568 1034 nulli

723 1080 772 1128 in
815 1082 950 1129 terris
1009 1097 1033 1129 a
1086 1082 1220 1131 coelo
1272 1082 1432 1133 donati
1480 1084 1724 1133 extitissent
1769 1086 2015 1133 Borbonii.
2119 1084 2210 1134 Sed
2255 1085 2400 1132 vincit
2448 1084 2568 1136 hanc

723 1190 919 1226 omnem
958 1179 1295 1243 potentiffimae
1330 1182 1501 1230 Gentis
1543 1183 1804 1231 felicitatem
1855 1182 2108 1232 firmillima
2150 1182 2208 1231 de
2243 1199 2402 1231 rerum
2438 1183 2566 1232 Tua-

722 1292 829 1325 rum
871 1277 1194 1342 magnitudine
1230 1280 1519 1344 populorum
1555 1281 1749 1338 fiducia,
1793 1281 2255 1339 LVDOVICE‚
2293 1281 2566 1345 Principum
2617 1304 2618 1337 1

721 1363 1076 1427 Glorioliffime.
1147 1377 1308 1442 Quam
1349 1379 1608 1428 iucundum
1646 1381 1728 1428 Tu
1759 1381 1934 1429 Galliae
1961 1381 2096 1429 Tuae
2131 1377 2436 1444 repraesentas
2472 1378 2568 1443 spe·
2615 1380 2618 1444 4

723 1474 985 1532 craculum,
1023 1490 1134 1523 cum
1173 1476 1255 1524 Tu
1292 1458 1497 1525 sublimia
1533 1478 1602 1525 illa
1640 1478 1899 1542 imperandi
1940 1477 2125 1526 artificia
2162 1491 2255 1526 tam
2294 1475 2422 1526 facile
2459 1476 2566 1526 edo·
2614 1452 2618 1463 Ι

725 1587 826 1622 ctus
863 1590 961 1622 non
997 1574 1052 1623 ad
1082 1575 1220 1623 Vnius
1253 1575 1407 1640 Regni
1444 1574 1518 1623 sed
1550 1575 1606 1623 ad
1644 1574 1894 1624 vniuerffile
1929 1575 2046 1624 istud
2083 1576 2224 1624 totius
2257 1575 2384 1624 orbis
2420 1575 2613 1654 impe“-<

723 1672 848 1720 rium
886 1672 1135 1736 aliquando
1168 1657 1432 1740 regendum
1476 1674 1705 1724 formatus
1746 1673 1931 1722 videris.
1998 1673 2179 1722 Videris
2208 1675 2432 1731 omnino,
2466 1674 2568 1722 Rex
2607 1658 2613 1762 4

724 1771 969 1828 Maxime,
1006 1785 1052 1819 et
1093 1788 1262 1836 magna
1300 1788 1409 1819 cum
1435 1773 1584 1820 nostra
1616 1773 1921 1821 admiratione
1957 1771 2156 1829 videris,
2185 1771 2266 1835 qui
2305 1771 2567 1819 deriuatum
2606 1773 2610 1835 4

725 1868 773 1916 in
795 1869 871 1917 Te
897 1869 1162 1918 Heroicum
1197 1870 1326 1918 illum
1350 1870 1578 1919 Borbonii
1599 1871 1828 1936 sanguinis
1865 1871 2085 1936 vigorem
2123 1867 2442 1918 venerabundi
2479 1869 2569 1918 iam
2603 1846 2608 1936 4

725 1967 911 2031 pridem
958 1968 1267 2032 agnoscimus.
1365 1970 1602 2035 Magnum
1646 1969 1862 2034 profecto
1895 1983 1939 2017 et
1979 1966 2208 2017 excelsum
2243 1968 2331 2026 est,
2379 1983 2434 2015 ex
2474 1980 2567 2016 tarn
2601 1945 2606 2044 4

725 2065 914 2131 augusta
950 2066 1191 2114 Maiorum
1239 2068 1553 2131 Auorumque
1595 2067 1704 2116 serie
1733 2069 1809 2117 Te
1848 2066 1935 2116 effe
1978 2080 2289 2132 prognatum3
2325 2064 2398 2113 sed
2434 2064 2567 2129 quod
2598 2046 2603 2136 4

726 2168 798 2211 Tu
828 2180 909 2212 eos
945 2167 991 2211 in
1026 2164 1109 2212 hac
1142 2166 1232 2213 iarn
1268 2179 1410 2213 aetate
1448 2180 1540 2212 tam
1574 2165 1791 2222 feliciter,
1827 2179 1920 2213 tam
1961 2163 2162 2230 gloriose
2201 2163 2418 2221 imitaris,
2454 2162 2566 2210 illud
2595 2137 2601 2229 4

725 2277 824 2309 non
854 2260 1005 2309 modo
1033 2259 1270 2319 futurum,
1305 2260 1378 2309 fied
1410 2264 1668 2310 maximum
1696 2261 1907 2310 Futurum
1945 2263 2159 2310 Heroetn
2194 2260 2408 2309 ostendit.
2478 2260 2563 2311 Ce-
2592 2239 2598 2337 4

728 2359 930 2407 lebretur
961 2375 1077 2425 ergo
1113 2359 1453 2409 immortalibus
1479 2361 1643 2426 elogiis
1668 2362 1832 2426 Magni
1865 2361 1980 2409 illius
2002 2360 2278 2410 Macedonis
2315 2360 2448 2408 coelo
2485 2358 2564 2408 ad-
2590 2349 2595 2435 4

728 2456 891 2522 scripta
917 2458 1132 2506 virtuset
1151 2458 1332 2511 ,inuicta
1361 2460 1579 2524 potentia.
1648 2460 1863 2509 Tollatur
1896 2459 1952 2509 ad
1990 2459 2099 2509 astra
2121 2460 2234 2510 Diui
2266 2459 2381 2506 illius
2405 2445 2593 2542 Caelii-4

730 2557 792 2605 ris
830 2554 1031 2604 inaudita
1066 2569 1110 2605 et
1144 2556 1366 2606 omnibus
1393 2559 1612 2624 gentibus
1638 2559 1860 2608 celebrata
1897 2575 2053 2608 rerum
2076 2557 2389 2624 gerendarum
2424 2551 2590 2628 felici-4⁵

732 2666 810 2703 tas.
879 2654 1093 2705 Aeternis
1117 2655 1408 2720 praedicetur
1438 2659 1663 2710 encomiis
1697 2657 1854 2708 diuina
1876 2658 1946 2708 illa
1976 2658 2330 2708 Antoninorum
2353 2635 2588 2722 benigni->4

2498 2768 2583 2806 [354
