2618 3485
690 355 762 396 10
1283 315 1402 413 ‘Q
1478 337 1543 408 >c
1584 357 1619 392 ο
1661 336 1724 408 ><
1802 335 1914 409 est*

688 457 891 525 auguria.
962 457 1097 528 Quid
1130 459 1257 507 enirn
1285 458 1344 507 de
1377 475 1435 507 eo
1472 459 1602 524 Rege
1634 456 1934 523 sperandum,
1970 458 2052 522 qui
2082 459 2127 506 in
2162 457 2255 507 hoe
2281 459 2434 508 aetatis
2459 458 2528 510 'vi-

684 574 803 626 gore
832 557 885 605 ad
913 557 1236 624 restinguenda
1266 557 1495 605 bellorum
1521 556 1731 605 incendia
1762 555 2097 622 promtissimus
2125 557 2347 616 accurrit;
2384 573 2528 620 quam

684 657 819 706 altam
853 655 924 703 ille
961 656 1193 720 quictem,
1230 672 1370 719 quam
1406 668 1503 704 tuta
1541 655 1612 703 ille
1658 656 1846 720 populis
1880 653 1964 703 suis
1999 655 2089 718 otia
2122 668 2272 718 parat,
2308 656 2389 719 qui
2426 656 2528 719 paci

683 754 808 820 apud
845 768 1030 803 exteros
1063 753 1348 803 stabiliendae
1381 769 1476 802 tam
1508 751 1679 802 solicite
1714 753 1958 802 incumbit.
2028 752 2087 801 Et
2108 752 2281 801 Galliae
2314 752 2531 817 profecto

682 852 797 902 nihi!
840 866 916 902 aut
952 852 1226 920 gloriosius,
1270 866 1345 902 aut
1380 851 1434 901 ad
1476 851 1602 917 spem
1655 854 1802 901 maius
1842 852 2117 917 contingere
2163 851 2340 915 potuit,
2386 867 2530 914 quam

679 950 813 1015 ‚quod
851 967 979 1009 eam,
1016 952 1236 1015 tanquam
1270 967 1527 1000 commune
1567 950 1754 1014 aliquod
1794 949 2090 1000 Concordiae
2121 950 2349 1014 templum
2379 949 2532 1015 elege-

681 1051 776 1100 rint
805 1049 1108 1115 potentiffimi
1137 1050 1405 1114 Principes,
1441 1051 1487 1098 in
1519 1067 1610 1114 qua
1651 1049 1919 1098 communis
1955 1047 2025 1096 illa
2060 1047 2278 1111 Europae
2309 1048 2439 1111 quies
2471 1062 2531 1097 ex

680 1162 810 1198 tanto
849 1147 1093 1197 intervallo
1126 1147 1468 1209 restitueretur3
1505 1154 1555 1198 'vt
1589 1147 1680 1213 ipsa
1719 1164 1889 1212 nempe
1939 1146 2274 1211 tranquillitatis
2322 1146 2534 1210 publicae

683 1246 838 1297 custos
881 1244 1020 1305 effet,
1070 1262 1214 1310 quae,
1251 1245 1554 1294 redeuntibus
1591 1261 1705 1294 mox
1735 1244 2055 1295 Cameracenfi
2097 1262 2208 1310 pace
2247 1246 2293 1292 in
2325 1260 2531 1294 concor-

681 1345 807 1396 diam
832 1345 1023 1402 animis,
1059 1358 1277 1408 tanquam
1301 1344 1553 1394 Palladium
1579 1345 1713 1394 coelo
1739 1342 1972 1409 delapsum
2006 1342 2130 1392 suam
2158 1345 2205 1392 in
2230 1342 2378 1393 Gallia
2398 1359 2528 1408 prae·

638 1497 641 1501 ,
679 1442 836 1493 sertim
862 1441 1017 1491 sedem
1040 1441 1217 1508 figeret.
1285 1442 1409 1491 Tam
1439 1442 1524 1490 alte
1547 1441 1701 1490 adhuc
1733 1434 2023 1507 populorum
2046 1442 2280 1491 mentibus
2316 1440 2531 1506 impressa

680 1531 746 1599 est
769 1555 904 1591 vetus
941 1557 1051 1607 erga
1076 1540 1169 1589 hoc
1192 1556 1395 1608 regnum
1429 1539 1835 1601 venerati03,adeo
1869 1555 1926 1587 ex
1962 1541 2058 1588 eius
2092 1539 2393 1589 destinatione
2426 1542 2531 1589 vni-
2608 1534 2612 1592 3

681 1638 858 1698 versam
891 1639 1015 1688 illam
1054 1640 1198 1688 totius
1229 1639 1358 1688 orbis
1381 1639 1586 1703 quietem
1629 1653 1769 1702 quam
1807 1639 2008 1688 maxime
2053 1637 2259 1703 pendere
2289 1638 2531 1701 videmus3

678 1839 762 1902 qui
792 1837 982 1886 Gallicis
1024 1836 1245 1885 hactenus
1268 1836 1316 1883 in
1350 1834 1472 1883 bello
1499 1833 1703 1883 subsidiis
1735 1832 2028 1892 sustentatus,
2065 1850 2192 1882 nunc
2218 1850 2413 1898 quoque
2445 1849 2528 1899 pa-

660 1739 790 1798 ‘teste
822 1739 898 1788 vel
939 1737 1067 1803 ipso,
1099 1739 1182 1802 qui
1216 1754 1368 1802 nuper
1401 1736 1522 1785 solus
1558 1737 1710 1788 adhuc
1746 1739 1793 1784 in
1846 1737 1985 1785 armis
2028 1750 2149 1794 erat,
2181 1738 2529 1801 Septentrione,
2608 1715 2612 1766 Ῐ

680 1937 747 1987 cis
780 1935 996 1984 reductae
1028 1933 1309 1983 beneficium
1341 1934 1598 1982 auctoritati
1625 1947 1669 1982 et
1691 1932 1888 1982 consiliis
1908 1932 2081 1983 Galliae
2119 1931 2288 1982 debere
2318 1932 2362 1981 se
2397 1933 2531 1983 laeta-
2609 1952 2611 1968 2

681 2047 770 2086 tur.
839 2032 973 2099 Ergo
995 2032 1071 2081 Te
1101 2034 1148 2080 in
1175 2032 1363 2082 Francia
1396 2046 1620 2097 regnante
1651 2033 1744 2081 Iani
1782 2031 2012 2097 templum
2046 2031 2198 2079 Roma
2225 2030 2378 2080 rursus
2403 2031 2529 2081 clau—-

681 2133 842 2193 deret,
892 2130 1222 2198 Augustiffime
1265 2130 1579 2186 Adolescens,·
1615 2122 1759 2178 Tune
1796 2130 1892 2186 ille,
1925 2129 1949 2176 a
1988 2145 2086 2192 quo
2130 2144 2283 2178 nouus
2317 2128 2529 2182 nascetur.

584 2216 610 2251 i·
681 2229 944 2281 seculorum
978 2227 1133 2286 ord0‚
1169 2226 1250 2275 sub
1287 2243 1385 2291 quo
1422 2243 1545 2277 noua
1591 2227 1724 2276 coelo
1761 2226 2013 2293 progenies
2054 2226 2372 2287 demittenda,
2401 2245 2528 2280 noua
2575 2226 2582 2231 ¹

680 2329 915 2381 exoritura
948 2325 1223 2391 posterita83
1265 2341 1382 2389 quae
1426 2326 1581 2391 ignara
1620 2326 1849 2375 bellorum
1889 2325 2092 2391 bellique
2135 2326 2440 2377 calamitatum
2474 2328 2528 2379 in

681 2424 986 2493 praedicanda
1009 2439 1188 2474 tantum
1222 2423 1370 2490 gloria
1400 2439 1443 2472 et
1471 2424 1795 2490 magnitudine
1821 2425 1928 2473 Tua
1956 2439 2181 2489 occupata
2213 2442 2296 2491 per
2326 2423 2528 2494 longam
2594 2452 2597 2454 ·

683 2539 918 2582 annorum
947 2522 1107 2591 seriem
1149 2521 1331 2571 illustria
1356 2523 1463 2571 Tua
1502 2526 1624 2588 pacis
1660 2522 1803 2573 studia
1845 2537 1890 2573 et
1919 2522 2136 2573 rariffima
2171 2524 2298 2574 orbis
2330 2524 2529 2590 pacandi

683 2621 868 2678 consilia
905 2620 963 2672 ad
1003 2634 1278 2687 perpetuam
1314 2620 1585 2674 futurorum
1627 2636 1900 2691 temporum
1941 2623 2237 2683 memoriam?
2265 2623 2527 2674 celebrabit.
2592 2607 2612 2654 ⁴}

2365 2722 2568 2778 Caetee.
