2503 3444
691 309 1317 390 'QXOXss
1855 333 1924 389 53

83 439 301 492 Maxima
336 430 451 488 haec>
474 449 520 487 et
561 437 903 486 immortalitate
928 436 1019 486 iam
1053 436 1195 504 digna
1228 436 1464 494 iudicatis,
1501 435 1780 494 Auditores‚
1818 450 1926 500 quae

91 552 270 605 partem
304 549 482 585 tantum
515 534 752 585 immensae
782 533 906 584 istius
943 534 1338 584 KVl-INIANAE
1369 533 1643 584 eruditionis
1677 532 1925 583 constitue-

0 615 4 654 ἱ
72 649 212 686 runt.
289 635 389 683 Tot
423 635 602 683 eximiis
634 632 920 683 facultatibus
933 665 946 690 ,
982 645 1053 681 tot
1088 632 1348 697 stupendis,
1384 647 1490 695 quae
1523 632 1751 689 vidimus,
1785 633 1926 682 mira-

91 733 203 783 culis
234 730 471 781 summum
496 748 688 796 quoque
717 744 762 780 et
791 729 1066 780 rariffimum
1104 743 1437 779 ornamentum
1468 727 1644 778 addidit
1669 730 1922 787 poeticam,

88 845 134 881 et
156 846 325 897 magna
345 829 462 896 saepe
485 846 596 879 cum
622 829 772 879 nostra
794 829 1100 878 delectatione
1124 844 1222 878 non
1247 828 1429 885 minus,
1457 842 1598 893 quam
1620 826 1923 876 admiratione

86 927 274 980 addidit.
377 927 582 995 Quoties
614 927 710 986 ille,
744 944 854 977 cum
889 925 1020 992 proi-'a
1054 926 1202 976 modo
1240 926 1453 975 oratione
1483 925 1700 974 omnium
1741 927 1865 975 anim
1902 940 1924 973 s

51 1025 369 1084 oblectasset,
404 1026 606 1076 Poeticis
631 1042 746 1076 mox
774 1026 1083 1092 conceptibus
1105 1026 1337 1082 intentus,
1373 1022 1569 1072 eosdem
1603 1024 1651 1071 in
1672 1023 1923 1073 enthusias-

76 1136 220 1175 'mum
242 1123 366 1188 quasi
389 1123 542 1174 secum
564 1140 724 1190 rapere
742 1158 754 1182 ‚
786 1139 963 1191 magno
995 1137 1040 1172 et
1071 1139 1176 1174 raro
1207 1121 1433 1172 scribendi
1459 1120 1678 1179 artificio,
1714 1135 1921 1171 nouerat.

75 1222 330 1272 :Merebare
374 1222 450 1299 his
489 1222 679 1273 dotibus
711 1222 833 1273 Tuis
855 1256 869 1282 ,
918 1221 1197 1272 MAXIME
1237 1220 1500 1273 KVHNI,
1535 1233 1587 1269 ut
1621 1236 1718 1269 non
1752 1220 1801 1269 in
1835 1219 1930 1270 hac⁴

88 1334 265 1372 tantum
292 1319 567 1379 Academia,
604 1319 678 1369 sed
710 1322 758 1369 in
789 1320 987 1386 superbo
1020 1320 1099 1369 illo
1131 1320 1334 1369 Romani
1364 1318 1584 1382 Capitolii
1608 1318 1804 1376 Palatio,
1840 1319 1922 1382 qui

86 1417 239 1468 honor
262 1416 376 1467 olim
411 1421 592 1485 Magno
623 1417 885 1467 Petrarchae
917 1419 1138 1484 contigit,
1177 1417 1324 1466 laurea
1355 1415 1753 1478 corona-diuinus
1776 1415 1922 1466 Poeta

83 1516 485 1577 condecorareris3
520 1517 602 1581 qui
633 1531 726 1566 tam
749 1516 972 1566 eminenti
998 1516 1176 1565 ratione
1201 1528 1271 1565 tot
1298 1527 1571 1564 ornamenta
1593 1512 1839 1579 possedisti,
1870 1527 1922 1563 ut

83 1628 243 1666 utrum
273 1614 447 1665 felicius
477 1615 606 1664 illum
644 1615 890 1665 Ciceronis
919 1627 1176 1664 torrentem
1201 1646 1215 1671 ,
1261 1630 1318 1663 an
1349 1611 1519 1662 sacram
1555 1613 1722 1662 Ouidii
1752 1629 1920 1662 venam

83 1712 441 1778 repraesentares²
463 1712 633 1761 dubios
659 1712 917 1761 reddideris
940 1726 1215 1776 temporum
1239 1710 1507 1760 nostrorum
1535 1711 1792 1776 Apollines.
1858 1711 1920 1760 Et

84 1809 192 1859 felix
223 1808 438 1874 profecto
464 1810 540 1858 Te
571 1809 760 1859 alumno
791 1809 1050 1876 Argentina
1087 1810 1135 1858 in
1168 1809 1245 1858 Te
1276 1808 1417 1868 vidit,
1454 1808 1583 1873 quod
1622 1809 1671 1857 in
1703 1796 1920 1858 Maximo

0 1951 2 1956 .
60 1924 61 1927 ’
82 1908 288 1958 Oratore
313 1906 395 1956 suo
422 1907 573 1956 Roma
596 1924 692 1957 non
713 1906 858 1968 vidit3
893 1907 1024 1956 cuius
1050 1923 1161 1956 cum
1182 1908 1426 1956 miraretur
1449 1905 1713 1956 facundiam
1730 1939 1743 1964 ,
1777 1907 1919 1956 mini-

0 2026 4 2046 τ
64 1993 159 2055 ’Ῑιηε
181 2019 335 2055 tamen
364 2006 527 2054 mirata·
545 2004 608 2053 est
632 2004 807 2054 Po‘e'fin.
875 2007 1034 2069 Itaque
1058 2022 1158 2054 non
1191 2002 1385 2068 aequasse
1412 2005 1487 2053 Te
1520 2017 1698 2054 tantum
1721 2004 1918 2054 Cicero-

64 2114 216 2161 2nem,
252 2102 326 2151 fied
352 2117 397 2151 et
428 2102 649 2167 superasse
675 2102 904 2161 dicerem,
941 2102 1023 2151 nifi
1057 2103 1164 2152 Tua
1192 2103 1311 2151 mihi
1341 2101 1563 2152 modestia
1595 2118 1788 2152 manum
1812 2104 1918 2153 inii-

0 2215 2 2220 ’
67 2214 224 2250 ,ςετεῑε
261 2199 378 2250 adeo
405 2201 452 2249 in
475 2201 551 2250 Te
581 2216 680 2250 uno
705 2200 820 2265 quid
851 2200 1034 2250 efficere
1055 2199 1228 2266 posset,
1264 2200 1506 2250 ostendere
1527 2199 1722 2251 voluisse
1757 2216 1916 2251 natura

0 2320 3 2335 ›
83 2297 298 2359 v<idetur3
331 2313 452 2348 unus
478 2298 559 2348 Tu
600 2299 737 2348 nobis
767 2315 857 2364 pro
887 2299 1092 2364 populo,
1128 2314 1249 2348 unus
1284 2315 1373 2364 pto
1405 2300 1537 2349 turba
1564 2332 1576 2358 ,
1622 2316 1745 2349 unus
1778 2300 1916 2350 nobis

74 2407 208 2446 ‚totus
243 2395 366 2459 quasi
397 2395 632 2446 Parnassus
666 2395 801 2446 fuisti.
888 2397 979 2446 Sed
1010 2397 1146 2445 talem
1177 2396 1265 2446 effe
1301 2398 1539 2462 oportuit,
1576 2399 1658 2461 qui
1682 2397 1917 2447 Ludouici

51 2491 252 2558 *Magni
276 2492 484 2542 laudibus
509 2480 792 2544 celebrandis
813 2493 986 2560 dignus
1015 2494 1285 2543 censeretur.
1356 2495 1623 2543 Multorum
1652 2493 1916 2544 seculorum

85 2604 240 2657 partus
259 2589 603 2656 requirebatur,
637 2593 720 2658 qui
744 2580 924 2643 tantum
954 2592 1224 2658 Principem
1247 2591 1402 2658 dignis
1433 2591 1597 2659 elogiis
1626 2594 1912 2643 condecora-

955 2689 1006 2742 G
1042 2705 1067 2752 3
1827 2704 1909 2740 ret.
