2503 3444
652 359 764 439 ’Q
844 359 909 435 )<
951 383 986 422 0
1024 360 1092 436 ><
1170 360 1280 439 est*
1777 383 1882 441 315

179 487 262 538 IV.
326 484 416 536 Sed
441 496 483 534 et
504 483 693 534 ulterius
716 486 998 535 coniecturis
1028 484 1117 535 suis
1139 487 1350 553 indulget
1383 489 1710 536 Pntttrrus
1735 487 1882 538 Cru-

47 601 259 637 vERtus
296 586 344 633 in
378 583 516 633 Italia
540 583 751 650 Antiqua
763 600 777 643 ,·
815 583 1005 648 quando
1035 601 1133 633 non
1166 584 1315 634 modo
1348 584 1406 633 de
1434 585 1598 637 l-Eneae
1629 588 1674 634 in
1709 586 1881 637 Italiam

46 684 245 734 adventu
278 682 540 740 historiam,
581 681 655 730 sed
687 683 875 747 Regum
909 682 1093 748 insuper
1129 683 1439 740 Albanorum,
1476 683 1665 732 Romuli
1695 685 1806 734 item
1838 697 1883 737 et

42 782 196 840 Remi,
231 782 330 830 imo
355 781 571 829 omnium
600 779 801 844 denique
836 781 1008 845 septem
1043 781 1232 845 Regum
1272 780 1599 830 Romanorum
1635 781 1881 832 fabulosam

44 880 177 945 plane
209 893 254 928 et
284 879 653 928 commentitiam
689 880 970 942 pronuntiat.
1041 877 1227 948 Qodfi
1260 894 1316 926 ex
1352 894 1410 926 eo
1445 894 1649 942 quaeras,
1679 879 1790 944 quid
1815 881 1882 928 uti

42 976 104 1026 fic
128 976 309 1026 sentiret
335 977 583 1034 induxerit,
606 975 924 1041 respondebit:
962 990 1006 1025 et
1040 975 1260 1026 fabulosas
1284 977 1551 1025 Auctorum
1579 978 1879 1036 narratione&

33 1062 88 1124 'et
121 1075 382 1124 eorundem
415 1076 463 1124 in
498 1074 685 1140 singulis
717 1075 856 1124 huius
885 1074 1079 1122 historiae
1114 1074 1341 1138 capitibus
1375 1072 1725 1134 dissensionem,
1777 1089 1880 1125 tum

42 1172 185 1238 ipsam
211 1190 370 1222 rerum
391 1174 509 1221 inter
530 1172 572 1221 se
595 1172 983 1222 convenientiam.
1050 1174 1098 1222 Si
1126 1188 1292 1239 pergas
1314 1173 1617 1238 interrogare,
1648 1173 1761 1237 quid
1794 1172 1882 1240 igi-

42 1285 120 1320 tur
141 1271 311 1329 sentiat,
339 1270 370 1319 fi
392 1270 498 1336 ipfis
520 1270 745 1320 Romanis
768 1272 814 1319 in
840 1269 931 1319 suoe
952 1269 1104 1337 gentis
1128 1270 1491 1334 Antiquitatibus
1512 1271 1704 1320 credere
1731 1271 1881 1321 refor-

44 1368 222 1421 midet?
248 1368 521 1417 Evandrum
547 1383 656 1416 cum
684 1369 872 1435 'Pelasgis
895 1368 1086 1418 statuere
1107 1367 1149 1417 se
1167 1368 1304 1427 dicet,
1329 1369 1475 1418 tribus
1500 1370 1695 1436 integris
1719 1369 1880 1419 seculis

45 1465 156 1516 ⁷cum
186 1465 385 1514 dimidio
420 1466 602 1513 circiter
625 1481 728 1514 ante
760 1467 924 1515 Troiae
955 1465 1124 1524 casum,
1161 1465 1329 1514 venisse
1355 1467 1401 1513 in
1433 1467 1631 1523 Italiam,
1668 1466 1882 1534 Pelasgos

41 1563 131 1614 effe
151 1564 463 1630 Tyrrhenos,
499 1550 701 1627 denioue
722 1563 997 1612 Evandrum
1033 1562 1120 1611 effe
1140 1563 1364 1622 AEneam,
1394 1563 1672 1617 Evandrum
1699 1570 1882 1628 Janum,

43 1661 320 1713 Evandrum
347 1662 624 1717 Saturnum,
656 1660 930 1709 Evandrum
962 1660 1240 1709 Romulum.
1309 1661 1385 1709 Ab
1409 1659 1503 1708 hoc
1525 1660 1646 1709 duce
1668 1661 1882 1728 Pelasgo-

44 1772 152 1810 rum
182 1760 314 1809 fimul
342 1773 388 1808 et
421 1758 764 1824 Aboriginum,
803 1758 882 1821 qui
910 1759 1155 1805 communi
1188 1759 1383 1807 nomine
1413 1757 1525 1806 dicti
1549 1758 1723 1817 Latini,
1751 1760 1884 1809 Sicu.

45 1859 115 1908 ios
139 1858 262 1906 mille
283 1871 327 1906 et
347 1857 616 1922 quingentis
641 1856 770 1905 annis
794 1869 898 1904 ante
931 1870 1090 1905 natum
1118 1855 1223 1904 orbi
1252 1857 1549 1905 Servatorem
1576 1857 1697 1906 Italia
1721 1857 1879 1921 expul-

47 1953 142 2018 sos3
174 1956 230 2005 ab
259 1955 352 2005 hoc
383 1968 659 2020 occupatam
684 1954 849 2002 urbem
873 1953 1156 2011 Valentiam,
1190 1970 1335 2018 quam
1357 1953 1497 2003 Siculi
1524 1967 1631 2002 ante
1657 1953 1880 2002 condide-

45 2063 165 2113 rant,
192 2055 569 2116 nominatamque
589 2052 825 2110 >Romam3
864 2049 965 2115 post
988 2051 1114 2099 hunc
1137 2051 1282 2117 Regia
1309 2050 1548 2118 dignitate,
1584 2049 1658 2099 sed
1680 2051 1880 2115 potesta-

48 2165 94 2202 te
116 2153 270 2201 minus
298 2150 510 2208 absoluta,
535 2166 657 2198 cum
676 2149 756 2214 ipsi
779 2150 902 2198 Urbi
928 2163 1029 2197 tum
1057 2147 1272 2197 universo
1296 2149 1428 2197 Latio
1463 2147 1690 2214 praefuisse
1714 2148 1884 2212 duces;

44 2246 156 2300 ‘licet
177 2251 407 2300 incertum
438 2246 514 2306 fit,
544 2246 767 2312 quamdiu
790 2262 836 2296 et
860 2248 1029 2311 quibus
1059 2247 1225 2312 finguli
1259 2246 1528 2296 nominibus
1561 2245 1744 2295 fuerint.
1810 2247 1884 2296 En

45 2365 225 2398 novam
255 2348 555 2412 Antiquitatis
580 2346 808 2395 Romanae
840 2345 1026 2397 fac{em2
1070 2345 1233 2395 Mirari
1260 2344 1388 2402 subit,
1422 2344 1671 2408 quomodo
1694 2346 1797 2403 Vir,
1825 2344 1882 2393 de

53 2445 357 2513 Geographia
385 2447 556 2494 Vetere
590 2444 770 2508 optime
811 2445 1027 2502 meritus,
1069 2442 1244 2492 somnia
1277 2444 1349 2492 sua
1380 2441 1623 2500 historica,
1663 2439 1886 2491 sexcentis‘

55 2545 307 2593 minimum
334 2525 464 2608 filpra
487 2543 558 2592 bis
581 2542 704 2591 mille
728 2543 857 2591 annis
882 2541 985 2606 post
1004 2556 1227 2591 eventum
1248 2555 1365 2598 nata,
1384 2554 1457 2588 tot
1481 2538 1720 2587 illustrium
1743 2540 1886 2589 Viro-

44 2644 182 2700 'r'um,
203 2643 284 2706 qui
306 2642 598 2706 temporibus
612 2640 703 2690 istis
724 2643 927 2706 proximi
950 2639 1092 2699 fuere,
1110 2639 1304 2696 traditiS,
1324 2654 1382 2687 ex
1406 2637 1617 2703 publiciS,
1640 2637 1769 2701 quod
1788 2653 1889 2687 non

45 2738 260 2791 ”dubium
285 2739 363 2799 est,
387 2740 707 2789 monumentis
728 2727 1156 2805 depromptis'velit
1179 2736 1402 2804 praeferri.
1832 2735 1893 2782 V.
