2503 3444
688 288 1316 366 QX0><05⁹
1881 316 1923 370 7

78 417 326 486 conspectu
349 412 682 481 resplenduere.
747 411 841 464 Sed
869 428 982 463 curn
1014 429 1064 464 ea
1100 412 1154 464 fit
1184 430 1467 483 magnarum
1499 432 1659 468 rerum
1691 419 1920 483 conditio,

81 530 252 570 utrum
275 515 469 564 demum
501 510 681 562 summa
712 510 903 578 attigisse
926 511 1196 572 videantur,
1233 530 1345 564 cum
1377 517 1701 583 magnitudine
1729 534 1774 569 et
1796 522 1923 572 mole

81 615 153 668 sua
179 614 384 664 laborare
418 612 682 677 incipiunt,
716 628 860 660 nemo
893 610 1110 677 profecto
1143 613 1384 662 mirabitur
1404 648 1418 672 ,
1453 615 1483 663 s1
1521 618 1738 666 omnium
1774 623 1921 670 maxi-

80 728 211 765 mum
242 710 668 769 Heroemdixem,
706 711 786 775 qui
815 710 896 760 sub
927 710 1026 776 ipso
1061 710 1264 761 cadentis
1297 713 1482 762 iamiam
1507 715 1697 779 Imperii
1722 717 1921 769 Romani

81 824 294 875 tempore
316 823 448 859 natus
472 807 535 858 est
558 807 914 876 Augustiffimus
942 809 1193 875 PrincepS,
1230 827 1340 860 cum
1365 814 1496 861 cuius
1525 826 1679 862 morte
1707 814 1924 882 Rempu..

81 909 245 960 blicam
276 923 466 973 quoque
504 906 727 973 sepultam
762 907 977 975 legimus.
1043 907 1386 959 Germanicum
1420 909 1646 961 Caesarem
1681 913 1816 964 vobis
1850 916 1922 966 lo-

80 1023 225 1075 quor,
263 1006 539 1065 Auditores,
575 1005 810 1055 summurn
836 1006 964 1056 illum
987 1021 1032 1056 et
1065 1008 1283 1058 ultimum
1306 1008 1464 1068 simul,
1500 1026 1648 1074 quem
1673 1013 1920 1079 antiquitas

54 1121 126 1157 'et
148 1107 319 1155 florens
344 1106 602 1171 Imperium
625 1106 893 1155 Romanum
916 1105 1100 1165 habuit,
1134 1107 1325 1160 Ducem
1350 1122 1395 1157 et
1428 1109 1715 1175 Principem3
1751 1113 1924 1164 Princi-

81 1220 214 1271 pem,
249 1218 359 1252 cum
382 1218 479 1268 quo
502 1217 635 1254 vetus
663 1218 708 1253 et
739 1205 982 1269 antiquum
1009 1205 1184 1254 bellicae
1214 1206 1380 1273 gloriae
1406 1205 1550 1256 decus
1561 1223 1574 1269 3
1607 1208 1817 1261 Romana
1850 1213 1922 1264 illa

80 1302 297 1353 omnium
331 1302 496 1351 oculos
528 1301 772 1367 splendore
810 1302 892 1352 suo
915 1303 1246 1371 praestringens
1279 1306 1426 1354 virtus
1455 1304 1551 1354 fere
1588 1307 1789 1358 extincta
1825 1310 1918 1362 est:

82 1415 132 1452 nt
162 1399 294 1466 quod
321 1400 512 1451 Cordus
543 1400 656 1449 olim
689 1400 749 1450 de
781 1401 958 1460 Bruto,
995 1403 1134 1452 noxia
1165 1403 1366 1452 Auctori
1396 1401 1479 1451 suo
1510 1403 1755 1466 sententia,
1791 1409 1924 1471 dixit,

0 1526 2 1570 ss
81 1499 299 1549 ultimum
329 1498 458 1548 illum
479 1500 810 1549 Romanorum
837 1498 991 1559 fuiffe,
1026 1499 1073 1550 id
1107 1516 1196 1551 nos
1229 1501 1399 1550 rectius
1426 1500 1484 1550 de
1510 1502 1799 1556 Germanico
1831 1509 1923 1559 iam

0 1626 3 1643 i
83 1596 291 1664 profiteri
321 1613 559 1662 queamus.
638 1597 863 1663 Cumque
898 1598 1050 1648 nullus
1083 1598 1220 1649 fuerit
1258 1613 1351 1650 tam
1383 1616 1498 1650 rarae
1530 1602 1639 1653 vitae
1678 1602 1804 1665 dies,
1840 1609 1926 1674 qui

81 1711 179 1744 non
203 1694 392 1744 summis
413 1695 710 1761 Principibus
731 1679 1001 1762 ampliffima
1024 1698 1294 1748 imitationis
1315 1699 1527 1765 exempla
1558 1714 1603 1750 et
1630 1719 1728 1752 rara
1748 1704 1925 1756 Heroi-

81 1808 242 1842 earum
281 1793 510 1841 virtutum
538 1792 786 1858 specimina
819 1795 1029 1860 praebere
1063 1796 1198 1861 poffit
1220 1830 1234 1855 ,
1270 1796 1417 1847 fistam
1450 1798 1587 1849 vobis
1606 1833 1621 1859 ,
1655 1802 1928 1859 Auditores,

83 1889 132 1940 in
163 1890 450 1940 Germanico
481 1890 717 1940 RARVM
755 1891 1077 1943 PRINCIPIS
1113 1895 1204 1945 AD
1249 1895 1422 1945 SPEM
1463 1897 1718 1949 IMPERII
1751 1902 1926 1954 NATI

47 1995 50 1998 ’
83 1985 453 2038 EXEMPLAR.
523 1987 674 2053 Quod
698 1987 814 2039 dum
842 1991 931 2038 iam
956 1989 1102 2040 facere
1125 1991 1392 2057 aggredior,
1430 1995 1563 2043 enixe
1584 1995 1701 2044 mihi
1726 2001 1928 2064 rogandi

85 2085 200 2145 estiS,
236 2086 289 2136 {it
312 2085 370 2135 de
396 2073 525 2136 tanto
560 2088 836 2151 antiquitatis
864 2089 1028 2138 Heroe
1055 2089 1242 2140 dicturo
1271 2091 1458 2141 auribus
1489 2093 1748 2158 animisque
1771 2097 1927 2151 fauere

91 2184 250 2234 velitis.
1028 2173 1031 2174 ⁷

218 2283 345 2332 Inter
363 2283 545 2344 omnia,
580 2301 686 2350 quae
713 2284 932 2336 humanae
951 2288 1082 2354 genti
1115 2305 1138 2339 a
1159 2287 1324 2338 diuino
1351 2289 1546 2339 numine
1581 2280 1790 2342 concess'a
1825 2293 1927 2345 sunt

79 2393 305 2445 munera,
350 2398 611 2433 AvaoREs
646 2399 744 2433 svis
776 2401 977 2451 leqva
1012 2402 1194 2437 Etocns
1225 2403 1709 2448 CONDECORATissmi,
1747 2393 1926 2443 nullum

87 2473 182 2538 Fere
213 2480 361 2528 maius
391 2478 478 2528 effe
508 2480 723 2547 Principe
754 2483 1004 2533 virtutibus
1037 2468 1227 2534 summis
1259 2486 1483 2535 diuinitus
1521 2486 1745 2537 instructo
1765 2522 1778 2546 ,
1814 2507 1929 2541 cum

91 2584 185 2626 tota
217 2577 484 2644 antiquitate
527 2578 671 2632 nostri
711 2596 904 2646 quoque
948 2583 1175 2648 temporis
1215 2584 1427 2649 plerique
1469 2599 1707 2650 agnouere
1748 2591 1926 2653 populi.

1833 2687 1922 2736 Sed
