2503 3444
0 2585 3 2675 l

0 2682 2 2717 Ι

686 286 796 364 *Q
876 287 1126 360 )(0)(
1204 285 1316 361 ff&
1845 296 1920 357 67

90 412 367 470 historicos,
415 425 585 476 paucos
620 410 847 460 Oratores
893 410 1147 474 produxit3
1200 427 1285 458 nec
1324 411 1426 459 illos
1467 409 1659 474 quidem
1696 410 1919 459 Ciceroni

90 510 428 576 comparandos
457 523 534 559 aut
558 508 731 558 Crasso.
801 508 1118 577 Qizatilianus
1152 522 1197 557 et
1221 510 1392 557 Plinius
1414 512 1461 557 in
1492 508 1619 558 class'e
1645 509 1729 557 hac
1763 523 1920 557 tenent

92 611 355 677 primatum.
420 609 498 658 Ille
520 608 793 658 Domitiano
815 623 945 656 carus
966 605 1048 655 suo
1078 608 1166 656 iam
1198 621 1411 672 tempore
1436 622 1671 672 corruptae
1694 608 1918 672 eloquen-

90 709 164 757 tiae
192 705 340 756 causas
363 705 596 770 quaefiuit,
631 705 688 754 ad
715 705 991 763 causidicos,
1031 705 1283 754 aduocatos
1317 706 1564 771 relegatam
1614 705 1920 770 conquestus»,

91 805 258 870 quibus
296 805 512 854 Oratoris
559 821 654 853 non
695 818 930 869 competat
978 820 1165 852 nornen.
1262 803 1570 866 Quintilianus
1608 804 1920 853 Declamatio·

92 919 172 952 nes
198 902 317 960 sti-2³5,
355 904 528 968 ingenii
549 917 592 952 et
622 902 740 951 succi
767 903 944 967 plenas,
982 902 1269 952 Orationum
1304 902 1436 950 titulo
1467 900 1685 968 insignire
1712 915 1809 950 non
1841 918 1920 951 au-

90 999 160 1051 sus
185 1000 262 1049 est.
331 1002 525 1059 Plinius,
560 1001 740 1051 floridae
763 1015 807 1050 et
836 999 1086 1067 ingeniosae
1118 1000 1355 1066 elegantiae
1384 1000 1628 1063 conditor,
1664 1002 1920 1065 Imperato-

91 1100 172 1148 rioe
213 1080 377 1148 Ciuilis
410 1099 670 1164 prudentiae
714 1115 876 1163 penu,
920 1100 1230 1148 concinnitate
1257 1132 1270 1156 ,
1318 1098 1540 1147 breuitate
1575 1113 1620 1146 et
1664 1112 1758 1147 arte
1809 1097 1920 1146 nulli

72 1197 284 1250 ‘eOratori
309 1197 556 1256 sccundus,
588 1198 796 1246 Traiano
824 1198 1100 1262 Imperatori
1122 1196 1353 1245 familiaris
1375 1210 1420 1245 et
1443 1212 1600 1254 carus,
1635 1197 1683 1244 in
1717 1196 1801 1245 hac
1824 1196 1920 1245 elo-

95 1285 296 1361 quentiae
332 1296 528 1358 periodo
562 1310 736 1362 regnat.
805 1297 938 1344 Tum
970 1312 1084 1343 vcro
1121 1311 1178 1343 ex
1212 1293 1323 1342 solio
1355 1272 1436 1343 suo
1469 1294 1641 1343 decidit
1669 1294 1825 1343 diuina
1857 1292 1922 1343 fa-

96 1393 285 1454 cundia3
321 1409 378 1442 ex
402 1394 620 1443 Romano
642 1392 793 1442 senatu
816 1407 860 1441 et
881 1394 1042 1457 populi
1058 1393 1262 1441 Romani
1285 1391 1595 1441 dominatoris
1615 1392 1924 1440 concionibus

57 1556 59 1559 Ι
96 1491 149 1540 ad
175 1491 512 1541 Centumviros
539 1490 628 1540 fori
660 1491 805 1540 ciuilis
838 1489 1013 1539 iudices
1044 1490 1233 1541 deiecta.
1322 1489 1579 1539 Consenuit
1610 1489 1821 1539 Caesareis
1854 1489 1925 1538 his

97 1580 254 1638 seculis
276 1589 459 1637 dicendi
486 1589 713 1647 maiestas,
749 1590 797 1637 in
831 1591 987 1654 paucis
1020 1587 1330 1654 Panegyristis
1361 1602 1406 1637 et
1436 1587 1838 1639 Declamatoribus
1869 1602 1925 1636 ex

97 1702 223 1752 parte
243 1686 491 1752 superstes,
522 1687 596 1735 fied
618 1686 660 1735 se
683 1687 902 1736 extollere
928 1704 1023 1736 non
1047 1685 1156 1737 ausa.

230 1881 363 1930 Tum
388 1898 501 1931 vero
524 1882 780 1932 illecebrosa
803 1883 1018 1947 quaedam
1050 1882 1366 1932 Profess'orum
1391 1883 1683 1947 Eloquentiae
1708 1884 1832 1933 natio
1855 1883 1926 1932 in-

1736 1954 1749 1974 Χ

100 1979 320 2030 valescere
344 1994 576 2045 coeperat,
605 1980 870 2052 ⁴Rhetorum
893 1987 938 2029 e't
967 1980 1288 2045 Sophistarum
1321 1981 1512 2029 nornine
1536 1994 1668 2039 nota,
1703 1982 1784 2044 qui
1814 1982 1927 2029 ieiu-

101 2095 173 2128 nae
197 2092 242 2127 et
265 2076 533 2128 lasciuientis
564 2078 805 2129 Orationis
828 2095 1000 2144 genere
1031 2078 1318 2141 sequentium
1341 2078 1599 2127 seculorum
1625 2092 1928 2144 corruperant

103 2190 336 2243 tempora3
369 2176 656 2226 venditantes
684 2177 884 2243 argutias
904 2210 917 2235 ,
953 2177 1196 2225 cincinnos
1227 2190 1271 2224 et
1301 2175 1461 2232 fucos,
1495 2189 1615 2224 tanta
1647 2192 1756 2225 cum
1791 2175 1929 2226 auda-

105 2275 208 2333 cia,
239 2289 291 2324 ut
318 2276 570 2325 iuuentutis
604 2288 928 2339 corruptores,
962 2272 1136 2323 solenni
1171 2273 1358 2323 tandem
1387 2275 1581 2323 Senatus
1614 2275 1817 2324 Romani
1847 2273 1928 2322 de-

77 2377 233 2422 'creto
268 2373 495 2431 damnati,
529 2373 659 2422 Vrbe
686 2372 850 2422 cedere
889 2387 1182 2438 cogerentur.
1252 2372 1473 2421 Rhetoris
1506 2385 1551 2420 et
1582 2371 1810 2437 Sophistae
1843 2388 1928 2421 no-

79 2486 238 2528 amen,
271 2471 384 2520 olim
408 2470 723 2529 honoratum,
759 2484 859 2519 tum
895 2470 1155 2519 contemtui
1180 2469 1416 2530 habitum3
1450 2455 1742 2533 Eloquentiae
1773 2467 1930 2535 priscae

111 2569 360 2619 imitatores
385 2569 696 2641 patronorum
721 2568 1023 2633 appellatione
1042 2567 1249 2634 insigniri
1273 2582 1373 2616 tum
1398 2564 1648 2616 sueuerant.

995 2667 1016 2714 I
1053 2683 1082 2715 2
1758 2665 1931 2714 Roma-
