2618 3485
693 327 766 392 64
1290 317 1916 398 QXOXss

683 444 799 492 Tuis
837 443 975 494 armis
1007 443 1242 504 exultans,
1295 462 1392 494 non
1434 461 1525 495 tam
1557 446 1615 495 de
1656 446 1894 505 hostibus,
1933 463 2073 512 quam
2114 446 2173 499 de
2219 446 2322 513 ipfis
2355 448 2533 501 ciuium
2595 432 2603 439 Μ

685 542 908 592 Tuorum
943 545 1108 593 animis
1142 544 1463 609 triumphares.
1534 546 1610 595 Ab
1646 546 1738 594 hoc
1770 547 1961 595 orientis
1992 548 2174 611 imperii
2195 547 2292 595 Tui
2333 549 2530 598 exordio

686 641 954 692 nostrorum
979 643 1091 692 haec
1132 657 1404 707 tempotum
1434 645 1759 710 dependerunt
1788 646 1992 711 auguria.
2061 645 2236 694 Excelfi
2261 647 2435 695 Herois
2459 645 2531 694 di-
2598 685 2601 691 .

684 741 790 790 vina
824 743 1076 808 progenies
1107 743 1473 796 LVDOVICO
1508 743 1783 802 destinatur,
1811 758 1856 792 et
1885 744 1962 794 Illa
1995 744 2042 792 in
2082 745 2401 811 Augustiffima
2422 745 2532 795 Tua

682 839 848 892 Domo
867 874 880 899 ‚
917 857 972 890 ex
995 840 1094 907 ipso
1115 842 1231 891 Tuo
1253 840 1472 909 sanguine
1493 843 1547 892 ad
1570 844 1697 908 genii
1721 842 1926 892 coelestis
1957 844 2193 909 exemplar
2225 845 2422 895 formata
2452 844 2530 895 est.
2601 835 2603 863 ²

683 940 818 990 Haec
868 942 1002 991 vnica
1039 941 1157 990 Tibi
1195 941 1418 1008 Princeps
1452 961 1475 992 a
1509 943 1644 992 coelo
1689 941 1859 992 seruata
1887 977 1900 1000 ,
1947 957 1999 992 vt
2048 943 2181 992 vnica
2212 942 2349 993 huius
2380 944 2531 993 Secuii

644 1058 648 1063 ’
683 1039 897 1102 Phoenix
918 1040 1182 1101 videretur3
1218 1056 1269 1090 vt
1292 1059 1348 1090 eo
1372 1044 1516 1091 rarius
1549 1041 1656 1090 ess'et
1682 1042 1813 1106 quod
1835 1042 2010 1091 Galliae
2032 1041 2216 1091 donum
2237 1045 2531 1105 transmitti33
2606 1094 2607 1108 ἶ

681 1152 734 1186 vt
768 1138 898 1186 illam
926 1139 1185 1188 multorum
1216 1138 1330 1188 Tibi
1362 1141 1639 1205 Principum
1674 1139 1877 1189 filiorum
1911 1141 2018 1190 loco
2050 1140 2295 1200 educares‚
2331 1157 2451 1207 quos
2483 1144 2532 1191 in
2605 1169 2609 1211 ς

683 1236 910 1302 Augustis
946 1247 1003 1284 ex
1042 1237 1155 1285 Filia
1194 1239 1461 1302 Nepotibus
1491 1239 1605 1287 Tibi
1648 1239 1896 1303 aliquando
1927 1240 2084 1298 datos,
2128 1241 2242 1289 Tibi
2273 1254 2533 1306 prognatos
2607 1281 2610 1313 ᾖ

682 1333 952 1400 conspicies.
1020 1335 1100 1384 Est
1135 1335 1229 1385 hoc
1265 1339 1480 1402 profecto
1512 1338 1740 1403 singulare
1770 1339 1918 1387 diuini
1949 1340 1994 1387 in
2019 1339 2217 1388 Galliam
2250 1339 2421 1387 fauoris
2449 1337 2531 1387 do-
2608 1333 2611 1359 ⁵

684 1448 960 1482 cumentum
977 1469 992 1494 ,
1027 1435 1307 1493 Auditores,
1342 1435 1471 1499 quod
1498 1437 1592 1484 talis
1613 1436 1674 1484 illi
1705 1436 1909 1486 fatorum
1933 1436 2122 1485 confilio
2145 1438 2323 1503 Regina
2345 1437 2531 1485 contin·
2567 1422 2571 1437 ¹

681 1533 775 1598 git,
812 1549 928 1596 quae
952 1534 998 1581 in
1021 1533 1150 1583 sacris
1173 1510 1437 1600 Regiorum
1464 1534 1715 1583 Parentum
1747 1535 2072 1600 penetralibus,
2096 1536 2214 1583 inter
2247 1534 2532 1585 venerandas

683 1630 926 1680 Maiorum
961 1633 1187 1698 imagines
1210 1632 1414 1690 educata,
1447 1650 1545 1681 non
1569 1634 1658 1683 iam
1692 1650 1749 1689 ex
1773 1634 1919 1692 Aula,
1955 1632 2029 1681 sed
2051 1649 2108 1682 ex
2137 1633 2345 1698 quodam
2368 1632 2531 1682 sancti-

681 1731 868 1779 moniae
914 1730 1116 1779 delubro
1143 1733 1204 1787 *in
1250 1730 1591 1781 illustrissimam
1637 1733 1779 1781 totius
1817 1732 1992 1782 Galliae
2037 1746 2083 1780 et
2131 1732 2330 1780 vniuerfi
2376 1732 2532 1781 lucem

680 1827 873 1893 prodire
899 1827 1099 1880 videtur.
1169 1828 1365 1877 Prodire
1391 1846 1447 1878 ex
1471 1831 1601 1888 Aula,
1637 1846 1693 1878 ex
1720 1848 1810 1895 qua
1835 1830 1985 1888 luxus,
2022 1829 2192 1889 libido,
2228 1830 2433 1888 licentia,
2464 1829 2533 1878 lu-

681 1927 812 1975 xuria
837 1941 883 1976 et
903 1926 1055 1985 fastus,
1090 1943 1199 1975 cum
1225 1928 1407 1991 reliquo
1429 1910 1654 1977 vitiorum
1684 1928 1821 1978 huius
1851 1926 1986 1977 seculi
2025 1928 2263 1996 contagio,
2300 1942 2532 1994 perpetuo

682 2023 952 2091 proscripti3
998 2025 1045 2073 in
1085 2042 1174 2090 qua
1206 2027 1413 2090 pietatis,
1449 2027 1730 2086 modestiae,
1767 2028 2078 2091 omniumque
2109 2029 2338 2076 virtutum
2371 2043 2532 2076 exem-

683 2129 756 2189 pla
779 2122 880 2172 sunt
903 2124 1003 2173 Rex
1035 2138 1080 2173 et
1106 2125 1284 2190 Regina
1319 2142 1428 2173 cum
1450 2126 1595 2191 Regia
1630 2126 1821 2173 Parente
1832 2144 1848 2185 ‚-
1885 2124 2099 2173 rariffima
2132 2126 2262 2191 triga.
2333 2124 2565 2175 Vidisses

682 2222 732 2270 in
777 2221 870 2269 hoc
904 2221 1030 2271 sacro
1066 2222 1237 2270 Palatio
1287 2223 1332 2269 in
1380 2221 1645 2270 exornanda
1679 2222 1888 2287 Augusta
1928 2221 2231 2271 Adolescente
2270 2223 2531 2272 iucundum

685 2318 958 2368 Gratiarum
992 2321 1331 2383 Venerumque
1354 2334 1611 2381 certamem
1648 2321 1939 2370 venientibus
1962 2322 2009 2369 in
2032 2321 2317 2370 consortium
2348 2323 2530 2372 Miner-

686 2432 742 2466 va
776 2431 825 2466 et
844 2416 1022 2478 Mufis3
1056 2434 1112 2466 ex
1151 2435 1348 2481 quarum
1378 2418 1612 2483 disciplina
1647 2421 1940 2485 magnanima
1976 2419 2086 2468 haec
2119 2420 2308 2485 proles,
2345 2436 2530 2471 naturae

689 2516 991 2575 miraculum,
1027 2516 1155 2565 orbis
1194 2516 1466 2583 prodigium
1501 2517 1742 2581 proceffit3
1783 2532 1877 2567 tota
1908 2519 2136 2567 virtutum
2174 2521 2426 2569 comitante
2454 2536 2530 2570 ca-

687 2626 841 2678 terua5
876 2631 993 2680 quae
1035 2629 1181 2666 tantae
1223 2616 1315 2666 iam
1356 2615 1561 2669 Heroidi
1591 2617 1803 2669 certatim
1845 2616 2153 2684 applaudunt3
2188 2634 2304 2684 quae
2349 2617 2531 2684 potenti

2393 2714 2537 2782 ipfius

1997 2805 2028 2836 Q
