2618 3485
583 348 727 402 §evm
1200 333 1335 414 *Q
1413 339 1477 410 )(
1520 359 1555 396 0
1596 338 1660 411 )(
1740 338 1852 411 ott&

586 485 710 522 rum
743 463 805 519 ad
849 459 1112 537 publicam
1149 459 1501 535 Eloquentiae
1536 461 1836 519 cathedram
1871 477 2153 520 vocauerat
2173 482 2188 537 ;
2227 470 2418 540 corpo&

536 580 539 581 ⁷
584 597 654 647 ris
678 592 845 648 enim,
887 605 1044 661 quam
1083 604 1295 648 vocant,
1338 588 1651 662 Eloquentia
1677 604 1937 661 quantum
1972 588 2120 663 saepe
2158 589 2319 644 valeat
2355 588 2419 652 ad

579 719 784 772 animos
808 712 1086 767 hominum
1118 712 1440 774 mouendos,
1486 729 1711 774 norunt,
1757 715 1845 786 qui
1871 711 1997 767 nihil
2038 729 2245 769 norunt.
2328 715 2419 769 Vi·

581 841 635 897 di
702 840 805 915 ipse
862 856 989 910 ego,
1032 856 1137 893 non
1203 837 1490 922 incuriosus
1542 838 1706 898 olim,
1738 854 1872 910 quae
1923 837 2040 894 alibi
2082 839 2419 912 gerebantur,

580 967 871 1041 spectator,
913 963 1051 1023 vidi,
1091 964 1335 1037 inquam,
1380 981 1486 1018 non
1549 980 1667 1017 raro
1733 978 2040 1018 contortum
2105 963 2421 1023 multorum,

552 1094 669 1166 *qui
699 1090 749 1145 se
784 1104 1017 1145 oratores
1047 1087 1308 1150 dicerent,
1342 1090 1575 1163 corporis
1604 1087 1877 1149 habitum,
1917 1105 2133 1144 morum
2172 1086 2420 1142 rusticita-

575 1230 690 1272 tem
728 1222 779 1270 et
814 1213 1132 1268 inurbanum
1168 1213 1441 1270 hominem
1467 1214 1665 1288 vbique
1691 1213 2039 1288 prodentem,
2076 1213 2254 1270 audiui
2289 1210 2419 1272 illos,

573 1356 716 1415 quae
754 1337 873 1392 rudi
917 1338 1233 1411 plerumque
1270 1340 1517 1393 Minerua
1551 1341 1600 1393 in
1636 1339 1871 1395 chartam
1903 1342 2255 1398 coniecerant,
2298 1334 2420 1392 rudi

574 1482 629 1522 et
663 1481 814 1521 rauca
853 1474 985 1517 voce
1014 1463 1272 1536 proiicere
1310 1462 1653 1537 nausea-mque
1691 1481 1868 1519 creare
1902 1462 2328 1538 sapientioribus;
2369 1474 2422 1515 et

574 1609 694 1647 tum
734 1586 1450 1666 SCHOEPFLINVM
1493 1606 1678 1644 meum
1717 1589 1846 1645 mihi
1888 1589 2060 1646 sistere
2099 1592 2151 1644 in
2193 1586 2419 1664 splendi-

577 1715 777 1771 diffima
800 1711 1165 1775 Auditorum,
1204 1715 1415 1787 Regum
1444 1730 1496 1769 et
1532 1730 1699 1788 regno
1742 1717 2141 1789 proximorum,
2182 1714 2420 1774 Ducum,

574 1838 911 1914 Principum,
956 1838 1264 1898 Comitum,
1286 1839 1620 1894 summorum
1646 1838 1765 1894 belli
1797 1841 2044 1913 pacisque
2067 1819 2421 1894 Administro-

571 1967 728 2025 rum,
769 1966 940 2019 omnis
964 1963 1162 2018 ordinis
1188 1944 1495 2037 Sapientum
1519 1982 1743 2026 corona,
1787 1967 1840 2019 in
1864 1963 2123 2020 auditorio
2158 1966 2225 2020 ita
2265 1978 2421 2019 exor-

573 2107 724 2149 nato,
765 2087 1116 2160 v'taugustius
1146 2087 1275 2161 quid
1313 2106 1421 2143 non
1466 2106 1689 2161 vsquam
1718 2089 1915 2160 videas,
1957 2106 1987 2143 e
2021 2086 2264 2144 cathedra
2301 2086 2416 2142 sur·

575 2230 790 2287 gentem
828 2213 1112 2284 primoque
1149 2209 1359 2284 aspectu
1401 2210 1531 2265 nulli
1570 2228 1675 2266 non
1713 2229 1770 2266 ea
1814 2216 2242 2285 promittentem,
2282 2227 2418 2285 quae

568 2332 915 2411 ‘praestiturus
939 2333 1307 2391 exsurrexerat.
1386 2334 1624 2391 DeditEi
1656 2353 1853 2400 natura,
1880 2340 1932 2392 in
1958 2337 2044 2393 illo
2067 2336 2129 2392 ad
2153 2335 2417 2410 Eloquen-

575 2463 700 2517 tiam
730 2457 1043 2522 formando,
1084 2460 1214 2535 quid
1251 2461 1351 2535 ipsa
1377 2461 1556 2544 poffit,
1598 2478 1839 2535 experta,
1881 2439 2073 2537 corpus
2108 2460 2239 2516 vitra
2275 2474 2416 2515 com-

576 2600 796 2643 munem
823 2584 1120 2643 mensuram
1145 2603 1435 2662 procerum
1462 2578 1516 2642 et
1544 2603 1817 2660 erectu1n3
1842 2586 2072 2649 addidit,
2095 2585 2268 2642 multo
2301 2584 2413 2641 cul-

2291 2702 2413 2766 tiffi'-
