2618 3485
669 340 801 382 mv
1312 326 1422 406 *Q
1497 330 1563 402 ><
1607 353 1643 389 0
1683 331 1747 405 ><
1827 329 1935 408 aa*

668 447 868 521 quuot
900 447 1203 524 scriptores,
1247 456 1402 525 genio
1442 455 1596 509 seculi
1627 455 1886 513 friuoliori
1930 457 2389 525 adcommodatos‚
2428 459 2519 520 vs2=
2602 460 2605 510 «ἶ

668 592 775 647 que
797 589 1039 648 crepant,
1082 577 1188 632 flue
1227 581 1321 632 viri
1350 578 1502 640 sunt,
1543 596 1712 636 cetera
1742 581 1912 643 docti,
1953 581 2056 638 hoc
2079 602 2250 641 tamen
2279 585 2411 641 male
2438 583 2512 639 fe-
2539 637 2545 642 .

668 714 869 758 rentes,
908 700 1053 774 quod
1091 721 1147 757 ea
1190 703 1383 758 laudari
1417 722 1510 759 ore
1560 722 1662 761 tam
1694 703 1922 760 facundo
1950 707 2185 772 audiant,
2226 729 2358 784 quae
2391 710 2511 783 ipsis

669 823 751 881 vel
789 842 894 880 non
941 825 1230 882 admodum
1267 828 1581 902 placuerunt
1611 831 1694 885 vel
1736 831 1969 905 neglecta
2007 849 2032 885 a
2073 831 2123 886 se
2158 836 2271 888 sero
2316 834 2510 891 vident.

669 947 850 1005 Facilis
894 951 968 1005 est
1003 968 1054 1006 et
1105 970 1277 1027 parata
1322 955 1385 1009 ad
1429 955 1556 1012 haee
1601 958 1887 1030 vituperia,
1919 975 2244 1033 quoeunque
2290 957 2511 1016 demum

667 1092 883 1130 auctore
918 1078 1174 1140 nitantur,
1215 1080 1472 1153 responfio
1486 1099 1499 1153 3
1548 1100 1743 1155 quotus
1766 1086 1991 1157 quisque
2024 1086 2162 1138 enim
2189 1083 2289 1143 est,
2330 1100 2387 1140 vt
2412 1083 2512 1139 hoc

667 1202 844 1273 primo
873 1200 988 1256 loco
1022 1221 1212 1276 ponam
1234 1243 1246 1263 ,
1291 1223 1451 1277 quem
1493 1224 1597 1260 non
1625 1206 1810 1281 aliquis
1846 1226 1967 1263 cum
2000 1208 2167 1282 aliqua
2203 1209 2312 1262 veri
2346 1208 2513 1281 specie

665 1326 963 1397 vituperet,
1003 1326 1123 1382 dein
1148 1327 1249 1382 hoe
1283 1328 1318 1383 fi
1343 1333 1528 1385 vitium
1566 1332 1708 1392 esset,
1750 1330 2168 1387 condonaremns
2198 1330 2348 1389 facile
2376 1333 2512 1391 Seni,

667 1465 726 1504 ea
762 1449 1047 1524 impenfius'
1072 1451 1326 1514 laudanti,
1369 1472 1503 1528 qnae
1531 1474 1627 1530 pet·
1647 1458 1863 1512 omnem
1892 1471 1943 1510 et
1978 1455 2323 1527 longiffimaru
2351 1454 2511 1509 vitam

668 1590 811 1629 tanto
845 1593 969 1630 cum
1011 1575 1241 1631 successu
1280 1582 1541 1651 exercuit3
1583 1581 1655 1636 ast
1688 1599 1794 1636 non
1833 1599 1889 1635 ea
1929 1579 2226 1636 defenfione
2262 1578 2346 1634 hie
2379 1595 2514 1652 opus

667 1698 769 1760 est,
810 1699 900 1774 ipsi
933 1702 1034 1756 iam
1079 1678 1284 1764 videtis,
1319 1703 1602 1766 Lectores,
1646 1723 1768 1760 cum
1795 1704 1921 1759 nihil
1958 1705 2208 1763 habeant,
2250 1701 2393 1775 quod
2420 1719 2514 1755 no-

669 1838 809 1883 tent,
851 1823 902 1877 id
943 1828 1137 1887 notari,
1181 1827 1327 1900 quod
1370 1828 1506 1883 laudi
1544 1828 1667 1882 esset
1700 1847 1795 1902 per
1819 1827 1952 1902 ipsos
1976 1827 2098 1882 aliis.
2185 1825 2248 1881 Et
2271 1820 2513 1895 Latinam

669 1949 889 2023 quidem
928 1948 1227 2023 Linguam,
1267 1968 1324 2006 vt
1367 1971 1463 2027 per
1496 1953 1689 2025 fingula
1723 1971 1864 2015 eam,
1899 1967 2202 2027 propterea,
2234 1968 2402 2024 neque
2435 1948 2511 2004 ta-

2608 1382 2613 1395 -
2607 1330 2610 1353 —-
2608 1306 2611 1319 —
2606 1085 2618 1294 -··F·‘¹—⁴--„-„—;·-·
2606 1026 2610 1074 ——-
2606 990 2610 1011 —-

669 2092 791 2130 men
834 2075 924 2130 nifi
966 2093 1090 2130 cum
1135 2078 1326 2137 existit,
1371 2086 1537 2150 eaque
1585 2097 1692 2132 non
1736 2077 1907 2131 studio
1953 2075 2206 2148 quaesita,
2261 2072 2349 2128 sed
2394 2089 2509 2130 nata
2556 2146 2561 2152 .
2610 2096 2611 2132 1

672 2196 854 2272 sponte
891 2201 1118 2261 occasio³
1157 2216 1428 2273 tantopere
1463 2200 1672 2262 laudat,
1713 2200 1859 2273 qnod
1898 2215 2172 2272 tantopere
2205 2197 2353 2272 saepe
2394 2214 2513 2254 eam

674 2323 965 2396 neglectam
990 2325 1055 2379 ab
1089 2327 1146 2380 iis
1172 2325 1341 2386 videt,
1385 2344 1619 2400 quorum
1650 2324 1772 2379 esset
1802 2323 1938 2379 illius
1966 2324 2194 2379 studium
2227 2325 2369 2378 omni
2393 2338 2513 2376 mo·
2610 2398 2611 2416 ¹

675 2447 746 2504 do
790 2451 972 2504 iuuare
1003 2449 1247 2524 illiusque
1288 2469 1525 2507 amorem
1549 2488 1562 2513 ‚
1621 2453 1775 2509 etiam
1812 2451 2063 2509 nimium,
2104 2466 2228 2535 cnm
2267 2465 2510 2523 ternpore

678 2576 1103 2649 temperandum,
1143 2579 1399 2633 iuuenum
1427 2579 1608 2633 animis
1635 2575 1899 2640 instillare,
1939 2574 2259 2631 academicos
2284 2572 2509 2630 et1cho-
2610 2628 2611 2635 ,

1519 2679 1522 2682 ¹
2375 2695 2545 2754 lasti-‘
2610 2775 2611 2779 Ἰ
