2585 3485
677 338 784 424 Q
865 350 927 421 ><
971 371 1004 407 0
1046 346 1110 422 ><
1190 343 1300 421 2252*
1550 322 1553 325 V
1831 369 1895 409 11

56 473 321 528 ,Caeterum
359 456 469 522 haec
504 472 661 522 omnia
697 488 780 536 per
819 470 862 518 se
899 471 999 520 fime
1034 472 1232 520 maxima
1274 487 1381 520 cim
1435 484 1607 520 tantam
1645 471 1693 520 in
1728 471 1903 522 Galliae

74 572 219 638 popul
226 574 260 620 is
282 570 339 619 de
366 571 523 621 futuro
554 570 647 618 fidi„
622 588 675 617 ¹2¹:
682 571 769 618 iam
805 571 1036 619 concitare
1077 570 1279 627 valeant,
1311 569 1586 628 Auditoies,
1622 570 1903 619 immensum

75 684 228 719 tamen
255 685 355 718 eam
393 684 530 736 auget
565 669 794 717 excellens
817 668 885 716 illa
914 669 1055 735 Regis
1082 668 1270 732 Optimi
1305 666 1508 725 indoles,
1546 683 1590 717 et
1613 668 1799 717 diuinus
1834 668 1907 716 ille

75 769 264 836 genius,
300 771 381 853 qui
407 769 454 816 in
484 767 567 817 hac
605 769 693 817 iam
714 781 855 817 aetate
877 781 947 815 tot
969 766 1147 815 illustria
1169 767 1236 815 Re
1239 768 1311 833 gia
1317 783 1422 814 rum
1454 766 1637 815 dotium
1662 765 1909 831 specimina

81 883 166 932 per
189 881 343 916 totum
372 866 530 932 paffim
554 882 753 934 regnum
775 863 1010 914 diffundit.
1073 864 1251 914 Comn
1234 881 1282 911 ι
1291 866 1359 913 nis
1383 866 1471 914 iam
1494 863 1675 929 pridem
1696 865 1914 913 omniurn

78 967 294 1032 gentium
335 981 431 1015 vox
468 964 563 1017 est:
602 981 818 1031 magnam
862 963 948 1012 effe
982 964 1104 1012 illam
1142 965 1369 1012 virtitum
1406 961 1738 1021 neceffitatem,
1772 978 1913 1027 quam

81 1063 377 1128 Principibus
395 1065 444 1112 in
473 1064 549 1112 illo
588 1080 743 1112 rerum
772 1062 951 1129 fastigio
984 1077 1163 1112 aeterna
1198 1062 1417 1128 imposuit
1442 1061 1748 1128 prouidentia.
1819 1060 1916 1110 Eo-

81 1178 188 1211 rum
212 1162 416 1211 affiones
453 1170 540 1226 pro
578 1161 775 1210 totidem
810 1163 1100 1227 praeceptis,
1135 1178 1302 1210 eorum
1345 1161 1557 1226 exempla
1594 1176 1684 1226 pro
1716 1158 1916 1213 totidem

81 1260 288 1326 imperiis
335 1274 516 1325 reputat
563 1260 701 1309 orbis.
772 1261 930 1324 Atque
981 1260 1074 1308 hoc
1117 1258 1291 1308 felicius
1329 1258 1413 1317 est,
1463 1274 1561 1322 quo
1601 1257 1737 1307 Gallia
1776 1255 1918 1306 hodie

83 1357 313 1424 superbit,
355 1359 658 1415 miraculum,
718 1358 848 1420 quod
900 1358 1201 1406 Monarcham
1233 1359 1456 1406 iuuenem
1491 1373 1588 1404 non
1633 1368 1728 1404 tam
1764 1356 1919 1405 aetatis

84 1455 261 1521 spatio,
294 1470 371 1505 aut
417 1456 572 1514 annis,
608 1469 750 1518 quam
779 1453 868 1519 ipsa
902 1453 1156 1513 factorum,
1187 1456 1279 1519 ipsa
1330 1454 1507 1520 ingenii
1547 1453 1788 1502 diuinitate
1826 1453 1919 1502 iam

86 1553 275 1604 censeat.
341 1554 476 1622 Qid
512 1570 626 1603 vero
656 1553 744 1609 est,
779 1553 1059 1612 AuditoreS,
1095 1569 1192 1617 quo
1215 1553 1481 1618 Principes,
1517 1568 1724 1617 quorum
1756 1566 1922 1616 aequa*

86 1665 130 1700 ta
170 1652 302 1700 coelo
346 1651 566 1717 potestas,
617 1652 826 1702 Coeleste
863 1669 1055 1716 quoque
1093 1651 1203 1700 illud
1242 1653 1442 1722 Numen
1490 1650 1721 1701 efficacius
1768 1650 1814 1698 in
1852 1649 1929 1699 his

88 1751 220 1799 terris
264 1750 553 1814 exprimant,
597 1746 746 1814 ‘quam
783 1764 945 1800 tenero
988 1750 1195 1815 quodam
1238 1751 1286 1798 in
1328 1751 1549 1816 Regnum
1563 1783 1576 1808 ,
1611 1763 1772 1799 tenero
1795 1743 1926 1814 'quo-

93 1844 201 1894 dam
230 1846 277 1893 in
301 1845 538 1894 Vniuersos
573 1850 668 1895 eius
691 1848 832 1896 Ciues
856 1865 1025 1897 amore.
1095 1850 1350 1898 Aemulum
1385 1849 1522 1897 huius
1557 1861 1706 1898 tantae
1742 1837 1928 1898 virtutis

94 1943 379 2000 maximum,
413 1944 612 1992 maxima
650 1958 760 1991 cum
794 1943 1027 1993 vniuersae
1056 1945 1228 1994 Galliae
1262 1945 1589 2011 gratulatione,
1625 1944 1836 1994 nostrum
1879 1947 1928 1994 in

93 2040 242 2104 prima
266 2040 353 2088 iam
379 2048 518 2089 aetate
543 2041 721 2106 Regem
756 2040 1013 2090 laetabundi
1041 2039 1228 2106 prorsus
1251 2041 1550 2092 admiramur.
1620 2042 1927 2092 Admiramur

93 2138 344 2187 inauditam
367 2137 487 2186 illam
510 2137 726 2185 infimum
747 2154 982 2201 quemque
1007 2137 1063 2187 ad
1086 2137 1277 2194 sublime
1294 2140 1443 2187 Suum
1468 2139 1633 2188 solium
1653 2139 1928 2190 admittendi

96 2236 379 2296 facilitatem;
413 2233 696 2284 admiramur
722 2234 1002 2286 ineffabilem
1031 2249 1078 2285 et
1097 2235 1364 2287 rariffimam
1392 2252 1493 2287 eam
1516 2232 1809 2298 comitatem,
1839 2254 1931 2304 qua

96 2334 178 2384 Ille
212 2335 351 2383 laetos
390 2333 719 2398 gratulantium
747 2332 984 2399 applausus
995 2368 1009 2393 ‚
1044 2335 1346 2401 triumphales
1382 2335 1732 2386 acclamantium
1774 2353 1932 2398 voces,

100 2431 378 2481 humillimas
403 2446 553 2497 genua
586 2414 953 2482 submittentiam
984 2449 1168 2499 preces,
1202 2436 1407 2502 gemitus
1443 2449 1488 2484 et
1518 2433 1728 2500 suspiria,
1761 2435 1933 2486 excelsa

99 2527 300 2592 quadam
331 2529 471 2578 animi
494 2530 717 2594 aequitate
749 2529 946 2580 exaudit.
1014 2531 1321 2583 Admiramur
1355 2547 1508 2599 porro
1552 2532 1673 2582 illam
1715 2546 1807 2583 tam
1836 2535 1933 2602 exi·-

98 2626 266 2687 miam,
300 2640 395 2677 tam
435 2625 723 2680 adorandam
756 2628 944 2694 populis
978 2630 1229 2691 virtutem,
1264 2647 1354 2697 qua
1378 2630 1486 2685 Deo
1512 2630 1750 2697 Principes
1781 2633 1830 2681 in
1860 2610 1942 2682 his

1064 2727 1104 2776 B
1136 2743 1167 2783 2
1802 2729 1933 2783 terris
2006 2729 2011 2735 ’
