2503 3444
661 360 771 441 *Q
853 364 916 438 ><
959 388 995 424 0
1041 365 1106 437 )(
1184 364 1295 440 affl*
1778 373 1895 444 ‘329'

56 488 322 540 SozoMENO
365 485 604 534 evidenter
636 486 924 544 testantibu3‚
961 501 1120 536 notam
1159 504 1350 552 quoque
1383 489 1500 537 hanc
1528 487 1614 536 effe
1646 502 1892 553 repertam,

55 618 170 651 vcum
195 600 474 649 celebratum
510 598 622 647 illud
656 599 885 664 Serapidis
915 602 1144 665 templum
1169 601 1468 650 Alexandriae
1490 601 1811 660 destrueretur,
1845 614 1892 653 et

55 713 348 775 Christianos
378 726 712 779 argumentum
744 712 853 761 inde
886 713 1077 776 cepisse,
1113 714 1168 762 ab
1201 714 1399 777 antiquis
1433 716 1522 763 iam
1545 716 1890 782 AEgyptiorum

51 827 382 876 Sacerdotibus
421 827 676 876 adventum
701 826 874 877 Christi
906 825 1034 875 fuisse
1070 826 1375 892 praedictum.
1474 828 1564 875 Sed
1590 842 1635 876 et
1672 831 1887 893 plurima,

57 956 176 1004 quae
200 941 249 988 in
271 912 445 989 iisdem·
468 940 768 990 Catacumbis
800 954 1044 1005 apparent,
1083 941 1348 1005 sequiorum
1381 953 1653 1005 temporum
1680 941 1888 1007 vestigia,

56 1067 111 1104 vt
144 1053 470 1120 Inscriptiones
496 1052 728 1103 Gothicae
758 1067 803 1103 et
830 1055 910 1104 alia
939 1054 1066 1104 rudis
1094 1069 1139 1103 et
1164 1055 1344 1104 indocti
1369 1055 1495 1112 aevi,
1521 1053 1620 1105 satis
1644 1056 1887 1112 evincunt,

53 1184 157 1218 non
190 1160 348 1217 omnia
374 1169 637 1232 primorum
676 1166 935 1217 seculorum
966 1170 1175 1219 redolere
1199 1170 1529 1233 antiquitatem.
1631 1169 1759 1219 Etin
1793 1168 1888 1218 hoc

56 1280 159 1330 {ane
180 1281 545 1331 consentientem
584 1280 808 1330 habemus
835 1283 1192 1333 MAsserONt
1210 1301 1290 1333 UM
1307 1317 1320 1342 ,
1367 1283 1448 1347 qui
1476 1285 1522 1331 in
1549 1283 1633 1332 illis
1657 1295 1893 1332 coemete-

58 1395 138 1444 riis
166 1411 262 1444 non
286 1394 436 1444 modo
467 1394 642 1444 sanctos
675 1396 910 1461 Martyres
947 1397 1020 1445 vel
1042 1397 1366 1456 ConfefforeS‚
1418 1396 1492 1445 sed
1516 1395 1673 1445 fideles
1705 1410 1890 1453 omneS,

57 1509 187 1558 nullo
222 1509 498 1557 meritorum
536 1508 716 1557 delectu
756 1508 973 1557 humatos
1006 1509 1119 1567 esse,
1164 1527 1368 1573 eumque
1399 1526 1583 1558 morem
1622 1510 1671 1557 in
1705 1509 1778 1556 sex
1807 1508 1894 1556 mi-

56 1623 243 1673 nimum
294 1622 449 1686 priora
496 1621 722 1670 Ecclefiae
763 1620 907 1672 secula
948 1621 1246 1687 perseverasse
1284 1624 1335 1672 in
1387 1633 1644 1673 memorata
1683 1621 1891 1687 *Epistola

61 1735 211 1787 tradit.

191 1850 272 1900 ΠΙ.
339 1847 570 1898 Historiae
601 1849 761 1899 Sacrae
784 1850 1043 1914 Scriptores
1065 1865 1152 1900 nos
1174 1850 1362 1909 docent,
1392 1849 1442 1898 in
1462 1850 1596 1901 Urbe
1612 1848 1891 1899 phoeniciae

62 1956 273 2014 paneade
302 1980 489 2013 aeneam
522 1963 711 2013 statuam
746 1963 959 2022 extitisse,
995 1979 1136 2028 quam
1172 1964 1353 2023 mulier,
1386 1962 1618 2030 sanguinis
1652 1937 1891 2028 profluvio

64 2078 290 2136 laborans,
312 2077 376 2126 ob
404 2076 631 2126 restitutae
655 2076 847 2127 sanitatis
871 2077 1148 2127 beneficium
1172 2077 1362 2129 Christo
1386 2076 1579 2142 posuisse
1607 2075 1890 2141 credebatur.

62 2191 232 2241 Tradit
257 2191 350 2240 hoc
376 2191 672 2243 EusEBms
696 2192 809 2255 Hist.
829 2190 991 2258 Ecclcf
1013 2192 1114 2242 Lib.
1137 2193 1244 2242 VII.
1268 2191 1384 2256 Cap.
1413 2175 1488 2249 18.
1512 2192 1598 2255 vqui
1625 2206 1726 2241 eam
1748 2191 1892 2257 ipsam

66 2302 109 2353 se
135 2303 415 2369 conspexisse
444 2305 632 2355 statuam
671 2319 913 2356 memorat.
1012 2305 1259 2356 Consentit
1291 2307 1457 2355 Sozo
1478 2320 1675 2356 MENVS
1706 2304 1806 2355 Lib.
1830 2306 1890 2356 V.

66 2416 186 2482 Cap.
216 2434 289 2469 21.
325 2419 407 2482 qui
447 2419 694 2477 Iulianum,
728 2435 785 2468 ex
814 2420 1071 2470 inveterato
1094 2421 1141 2469 in
1160 2419 1405 2470 Christum
1446 2418 1576 2477 odio,
1606 2417 1774 2468 fixblata
1807 2418 1893 2469 hac

71 2529 211 2580 statua
233 2529 357 2580 suam
387 2531 560 2581 ibidem
582 2531 774 2598 posuisse
790 2565 807 2592 ,
843 2548 958 2582 mox
987 2550 1104 2584 vero
1135 2535 1296 2600 ignem
1322 2549 1351 2581 e
1375 2532 1516 2581 coeio
1543 2531 1778 2598 delapsum
1811 2530 1896 2581 sta-

70 2656 175 2694 tuae
203 2658 343 2709 caput
377 2644 584 2696 deiecisse
617 2646 750 2697 simul
780 2660 970 2698 enarrat.
1061 2649 1138 2699 'At
1169 2646 1322 2699 nescio
1343 2645 1594 2713 quomodo
1615 2646 1728 2698 stare
1762 2641 1898 2711 poffit

68 2781 73 2787 ,
138 2724 261 2777 Pars
281 2727 343 2777 IL
989 2728 1069 2779 Tt
1747 2728 1896 2779 Sozo·
1966 2780 1970 2783 ,
