2503 3444
662 318 772 404 'Q
850 324 996 402 )(0
1035 325 1101 402 )(
1175 322 1287 403 οἰδ
1785 335 1898 401 179·

68 447 219 509 fermo
244 455 369 506 velut
395 452 718 544 imperatorius
740 451 798 501 de
822 449 990 502 saevitia
1031 451 1265 538 iudicum,
1300 450 1359 501 de
1390 450 1710 502 malevolentia
1735 450 1892 502 homi·

67 586 205 630 num,
239 569 296 619 de
317 568 492 635 flagitio
513 582 557 618 et
589 567 753 617 {celere
791 578 862 616 tot
892 566 958 614 ill
961 565 1074 615 isttia
1104 565 1254 616 flatuit
1286 566 1508 632 trophaea.
1577 567 1783 634 Magnus
1818 565 1893 615 ille

67 684 238 736 Plinius
263 683 464 752 pugnaci
495 695 539 732 et
561 681 798 732 bellatorio
822 679 921 730 stilo
953 696 1050 729 non
1082 678 1218 729 semel
1251 697 1275 730 e
1306 681 1434 730 Foro
1458 697 1510 746 p.
1505 682 1628 731 imas
1639 714 1654 741 ,.
1686 698 1711 730 e
1748 650 1892 732 Curia

66 798 329 864 triumphos
363 796 528 866 grandi
569 796 829 861 eloquentia
865 794 939 844 sua
977 790 1248 861 reportavit·
1351 800 1590 859 Quantum
1634 795 1758 860 apud
1804 794 1895 845 hos

67 898 267 962 effecerit
288 912 550 961 exercitatio
573 927 629 961 ex
655 911 791 977 ipsius
812 888 1058 962 &cerii-,is
1084 910 1228 974 liquet
1256 910 1501 975 exemp103
1539 909 1619 973 qui
1654 923 1763 957 cum
1796 887 1897 973 pri-ss

70 1026 495 1091 mis'temporibus,
530 1026 662 1090 quod
695 1027 784 1091 ipse
818 1026 863 1074 in
888 1025 1036 1075 Bruto
1064 1023 1123 1074 de
1151 1027 1193 1073 se
1217 1006 1474 1083 niet-norat,
1506 1025 1895 1080 nimiacommo-

72 1141 194 1190 tione
214 1111 416 1199 diitiss'et,
448 1141 496 1188 in
529 1139 683 1190 Asiam
713 1139 754 1189 se
791 1141 986 1190 contulit
1020 1154 1065 1189 et
1094 1152 1203 1188 cum
1232 1137 1524 1203 philosophis
1552 1135 1718 1185 affidue
1747 1133 1890 1184 versa-

73 1267 157 1314 tus,
188 1252 377 1303 summis
411 1253 689 1317 eloquentiae
720 1246 1011 1305 Doctoribus
1036 1253 1077 1302 se
1101 1251 1431 1319 refingendum
1466 1249 1892 1319 expoliendumque

73 1366 277 1425 tradidit,
313 1366 529 1431 aclonge
553 1382 692 1429 quam
727 1367 962 1430 prosectus
989 1367 1294 1439 fuerat‘rediit
1326 1366 1562 1414 valentior.
1633 1364 1893 1411 Enimvero

73 1482 208 1547 longe
239 1479 413 1529 facilior
448 1479 552 1528 illos
585 1477 639 1526 ad
671 1479 949 1542 eloquentiae
983 1478 1155 1545 fastigia
1186 1486 1354 1527 trames
1389 1477 1632 1543 perduxit3
1668 1493 1699 1526 a»
1726 1475 1916 1524 teneris*

73 1594 215 1644 statim
237 1594 367 1644 annis
391 1594 435 1641 in
461 1591 581 1650 foro,
617 1592 664 1640 in
690 1593 812 1641 curia
828 1626 840 1650 ,
875 1609 965 1657 pro
993 1592 1149 1641 rostris
1179 1591 1389 1655 quotidie
1410 1607 1694 1658 magnorum
1723 1589 1893 1638 Orato-

73 1725 177 1765 rum
209 1720 447 1757 cernentes
483 1705 716 1769 exempla3
750 1705 921 1768 quibus
955 1706 1001 1751 in
1030 1704 1282 1769 Republica
1303 1737 1317 1762 ,
1353 1704 1500 1753 Orbis
1527 1704 1730 1769 Regina,
1765 1715 1893 1752 tanto

73 1822 356 1893 potentiores
383 1816 421 1867 se
443 1818 542 1866 fore
565 1816 718 1865 edocti
751 1817 943 1876 fuerant,
967 1832 1142 1882 quanto
1167 1818 1315 1883 magis
1338 1818 1447 1868 alios
1473 1817 1724 1883 superaturi
1752 1814 1893 1865 effent

71 1914 297 1990 facundia.
341 1933 414 1980 Ex
436 1932 513 1980 ista
536 1931 799 1994 antiquitate
825 1933 957 1996 pauci
980 1932 1178 1980 omnino
1202 1932 1249 1978 in
1274 1929 1449 1995 scriptis
1469 1930 1557 1979 suis
1579 1930 1720 1978 hodie
1741 1928 1893 1993 super-

72 2049 198 2106 suntxg
233 2062 436 2110 quorum
466 2044 610 2093 aureis
642 2046 883 2109 praeceptis
911 2058 956 2094 et
987 2043 1216 2108 frequenti
1247 2044 1446 2093 lectione
1475 2042 1767 2091 innutrienda
1789 2040 1893 2090 sunt

76 2178 248 2222 eorum⁴
272 2159 454 2224 ingenia
476 2192 490 2218 ,
525 2159 604 2221 qui
647 2160 869 2206 eximium
900 2157 1086 2222 aliquod
1123 2159 1170 2206 in
1211 2158 1297 2208 hac
1341 2172 1435 2207 arte
1480 2156 1622 2206 decus
1651 2157 1892 2206 sectantur.

79 2275 286 2326 Praestitit
318 2274 436 2330 hoc,
475 2287 615 2335 quem
646 2272 691 2319 in
724 2272 1005 2321 Cathedram
1042 2272 1310 2322 Oratoriarn
1343 2271 1524 2336 publice
1561 2271 1893 2336 producemus,

82 2387 331 2439 Praecellens
351 2398 393 2433 et
415 2384 696 2450 Doctg'ffimus
725 2386 915 2443 Iuvenis,
951 2386 1045 2435 DN.
1067 2385 1158 2435 IO.
1180 2385 1525 2438 GEORGIUS
1549 2385 1587 2433 F
1591 2384 1892 2440 UCHSIUS,

81 2469 271 2568 Argent.
295 2500 603 2548 hzmzaniormn
625 2497 857 2546 literarmn
884 2497 1040 2546 Cultor
1054 2498 1258 2561 strenuus
1279 2509 1411 2563 atque
1420 2497 1572 2562 fhlers.
1640 2498 1684 2545 Is
1710 2511 1759 2544 ut
1789 2495 1891 2544 suo-

81 2604 187 2674 rum·
206 2616 252 2663 in
275 2613 367 2662 hoc
392 2611 541 2662 studio
563 2610 859 2676 profectuum
884 2611 1111 2659 solennius
1135 2610 1364 2676 specimen
1389 2609 1558 2669 ederet,
1581 2608 1778 2677 dignum
1805 2613 1892 2658 im-

116 2709 124 2714 ·
935 2692 975 2740 Z
1008 2707 1036 2740 2
1722 2706 1894 2744 morta-
