2567 3470
1787 133 1816 158 Q

613 331 696 386 80
1225 319 1853 400 onxss

751 439 1077 499 Considerate,
1113 442 1284 505 quaeso,
1322 445 1590 506 AuditoreS,
1622 448 1668 496 in
1691 447 1785 496 hoc
1809 457 2089 514 argumento
2115 444 2311 512 praesidii
2341 447 2450 512 quid

620 553 737 588 num
766 540 1137 606 Pyrrhonismus
1163 544 1372 608 reperiat.
1443 546 1603 595 Metus
1625 545 1848 611 potentiae
1876 545 2134 595 Poenorum
2171 545 2330 594 iniusta
2360 547 2454 609 pri-

620 638 688 686 mi
721 638 850 697 belli,
885 657 910 689 a
936 641 1163 691 Romanis
1192 641 1328 701 illati,
1363 642 1489 694 caula
1524 643 1634 705 fuit3
1671 660 1757 692 nec
1790 642 1949 691 iustior
1979 643 2131 692 auxilii
2166 644 2457 694 Mamertinis

620 735 697 785 lati
726 735 873 787 fuerat
906 753 1170 804 praetextus.
1251 740 1495 791 Neutrum
1535 741 1710 792 horum
1753 741 1956 791 Romani
2004 741 2163 790 siluere
2203 739 2457 806 scriptores.

621 835 800 886 Docuit
833 837 975 886 trium
1007 838 1236 888 bellorum
1267 854 1493 911 euentus,
1541 842 1784 890 Romanos
1820 840 1868 888 in
1902 839 1996 888 fine
2028 838 2291 888 eorundem
2335 837 2460 890 fuiss‘e

623 934 844 984 victores.
913 940 992 987 An
1012 953 1127 986 vero
1155 939 1314 988 Liuius
1335 952 1526 988 cruenta
1560 939 1749 988 vulnera
1780 939 2005 988 Romanis
2040 937 2097 987 ad
2119 937 2371 995 Ticinum,
2405 936 2462 988 ad

624 1032 866 1092 Trebiam,
878 1033 932 1082 ad
962 1033 1346 1101 Thrasymenum
1370 1036 1547 1096 lacum,
1583 1037 1638 1088 ad
1664 1036 1849 1094 Cannas
1883 1037 1998 1086 illata
2029 1035 2158 1087 filet?
2199 1051 2314 1084 num
2348 1047 2465 1085 tacet

625 1131 956 1181 Romanorum
983 1133 1030 1181 in
1054 1134 1170 1183 urbe
1194 1134 1284 1185 iam
1316 1135 1647 1200 trepidantium
1683 1149 1937 1195 terrorem,
1972 1151 2088 1184 num
2112 1134 2316 1199 praeterit
2336 1133 2470 1183 Con·

625 1227 775 1279 sulum
807 1231 1112 1282 temeritatem
1145 1245 1191 1281 et
1225 1232 1434 1283 stolidam
1467 1232 1585 1299 saepe
1622 1232 1882 1286 ferociam?
1938 1247 1984 1283 et
2009 1247 2162 1283 tamen
2197 1231 2467 1282 Candorem
2554 1248 2567 1278 ε

626 1328 749 1378 Liuii
773 1329 995 1380 desiderat
1016 1331 1261 1398 VayeriuS.
1329 1332 1438 1382 Sine
1462 1333 1792 1383 Romanorum
1817 1332 2026 1383 victoriis
2051 1314 2197 1381 euerti
2233 1346 2348 1380 num
2368 1345 2467 1395 -po-

628 1428 716 1476 tuit
752 1428 1031 1494 Carthago?
1099 1430 1282 1495 Philini
1308 1444 1353 1479 et
1387 1430 1516 1480 Fabii
1546 1429 1711 1496 scripta
1743 1430 1862 1480 vidit
1891 1430 2119 1496 Polybius
2139 1463 2152 1488 ,
2188 1429 2387 1480 contulit
2417 1444 2467 1479 ea

626 1538 815 1575 maturo
838 1526 1012 1577 iudicio
1040 1527 1365 1593 prolixamque
1397 1527 1501 1576 belli
1526 1528 1691 1576 Punici
1723 1528 1908 1593 reliquit
1941 1529 2212 1577 Historiam.
2284 1527 2486 1592 Magno.

629 1637 676 1674 et
708 1624 927 1689 prudenti
960 1625 1055 1674 hoc
1089 1624 1210 1674 duce
1239 1623 1344 1675 usus
1381 1625 1445 1674 est
1473 1627 1660 1687 Liuiu53
1694 1626 1790 1676 aliis
1824 1626 2009 1692 insuper
2041 1626 2364 1675 monumentis
2395 1623 2469 1682 sti,

628 1735 776 1790 patus.
841 1725 896 1773 In
920 1724 1170 1789 praecipuis
1190 1724 1404 1774 constans
1433 1725 1552 1773 inter
1573 1739 1654 1773 eos
1689 1724 1944 1774 concordia
1965 1738 2160 1791 regnat3
2194 1723 2469 1774 Hannibalis

629 1838 716 1887 per
738 1822 881 1886 Alpes
904 1821 1144 1871 transitum
1167 1821 1200 1872 fi
1223 1823 1450 1888 excipias,
1485 1839 1630 1887 quem
1658 1823 1878 1888 Polybius
1909 1840 1992 1888 per
2017 1823 2274 1881 PenninaS,
2310 1821 2488 1885 Liuius.

630 1936 718 1986 per
746 1919 927 1970 Cottias
948 1920 1151 1987 dirigere
1175 1920 1408 1970 videntur.
1476 1920 1569 1971 Sed
1600 1920 1716 1985 quid
1741 1923 1968 1972 miramur
1990 1923 2038 1970 in
2061 1935 2182 1971 tanta
2201 1921 2470 1985 antiquitate
2491 1980 2494 1983 Δ
2553 1934 2567 1981 :3

633 2018 830 2069 diuersas
857 2018 976 2085 saepe
1014 2019 1365 2070 Historicorum
1396 2018 1455 2069 de
1490 2019 1618 2070 bellis
1650 2018 1890 2070 sententias
1911 2054 1925 2079 ,
1960 2020 2214 2070 Auditores
2231 2053 2246 2079 ,
2281 2019 2498 2084 quando,
2558 2036 2567 2062 t

636 2119 882 2178 ferocium,
920 2117 1236 2185 superioribus
1266 2117 1426 2168 seculis
1457 2120 1578 2168 inter
1598 2119 1785 2186 Anglos
1818 2118 2089 2182 Gallosque,
2110 2118 2340 2166 bellorum
2373 2116 2495 2188 seris

636 2230 797 2282 ptores
826 2217 995 2266 dubios
1021 2216 1139 2282 saepe
1164 2217 1434 2281 relinquunt
1464 2217 1686 2275 lectores,
1721 2217 1907 2265 cuinam
1940 2216 2060 2281 parti
2087 2214 2394 2269 ,adscribenda
2419 2214 2486 2290 fit·

637 2316 859 2377 victoria;
887 2314 1078 2379 quando
1100 2304 1356 2365 Froffartus
1375 2328 1420 2364 et
1442 2313 1776 2365 Monstreletus
1808 2315 1856 2363 in
1875 2313 2049 2364 diuerla
2068 2315 2123 2364 ab
2152 2315 2322 2381 Anglis
2349 2312 2496 2392 haud)-=

597 2429 603 2432 ’
639 2429 746 2466 raro
777 2413 1052 2469 discedunt?
1089 2391 1295 2481 Quoties
1317 2426 1512 2478 utraque
1541 2428 1645 2479 pars
1677 2426 1909 2479 reportata
1937 2429 1995 2463 ex
2020 2414 2189 2479 praeliis
2220 2411 2503 2463 commoda'

640 2512 894 2565 iactitauit’?
939 2514 1004 2563 At
1036 2528 1256 2579 magnam
1296 2514 1363 2562 rei
1402 2511 1558 2562 dubiae
1602 2513 1758 2562 lucem
1799 2510 2048 2562 affundunt
2077 2514 2194 2561 Acta
2232 2511 2302 2562 illa
2349 2508 2471 2577 apud

640 2610 905 2672 BritannOS,
937 2592 1074 2664 Anna
1107 2625 1347 2679 regnante,
1381 2626 1439 2662 ex
1472 2611 1657 2679 Angliae
1686 2610 1895 2680 Regestis
1923 2627 1949 2662 a
1969 2612 2184 2678 Rymero
2211 2623 2256 2662 et
2286 2608 2483 2665 Sander-·

2361 2709 2474 2761 sono

2554 940 2560 972 i
