2585 3485
686 343 794 419 ’Q
876 345 1311 436 ><ο><ψ<<ῢξ
1842 365 1912 418 1⁷

78 480 199 517 mata
238 465 345 514 felix
385 464 649 513 vicinorum
685 466 962 530 Regnoi-mn
997 468 1317 531 tranquillitas,
1354 483 1423 526 et,
1472 471 1720 519 inueterata
1753 485 1907 534 popu-

77 564 230 613 lorum
266 563 568 628 aemulatione
610 564 803 621 sublata,
841 568 944 613 Tuo
975 566 1197 629 pi’aeliclio
1226 567 1314 613 iam
1355 565 1575 616 effectum
1607 568 1693 625 est,
1730 581 1780 615 vt
1809 553 1907 614 feli-

79 664 176 710 cius
199 662 244 708 in
285 661 520 726 posterum
548 662 657 710 Lilia
693 663 736 710 in
769 663 917 712 media
949 664 1143 712 floreant
1173 662 1402 728 Hispania.
1472 667 1596 730 Vige
1634 682 1802 730 porro,
1844 665 1909 713 vi-

75 776 136 826 ge
158 759 426 818 diutiffime,
465 761 674 809 Maxime
708 763 948 826 Princeps,
985 763 1184 826 Optime
1215 763 1438 810 Tuorum
1464 762 1621 821 Patet,
1657 777 1702 811 et
1730 777 1909 828 praeter

74 858 255 907 illustria
299 857 635 907 florentiffimoe
680 860 892 908 Familiae
934 861 1244 917 incrementa,
1275 838 1279 839 ⁷
1311 865 1435 908 Tuae
1475 877 1667 924 quoque
1707 861 1910 910 felicitati

77 956 195 1004 istud
226 973 371 1020 porro
408 967 659 1006 annumera
682 991 695 1016 ,
723 973 775 1006 vt
809 959 855 1006 in
896 959 1137 1007 Tuarum-
1170 957 1378 1016 dotium,
1411 958 1754 1022 Tuorumque,
1791 976 1907 1022 quae

78 1071 166 1120 pro
210 1055 423 1104 Maximo
469 1056 623 1122 Rege,
656 1072 772 1120 quae
812 1073 900 1121 pro
944 1057 1072 1105 vasto
1121 1056 1422 1121 vndiquaque
1472 1073 1624 1123 regno
1668 1056 1910 1121 suscepisti,

78 1152 375 1201 consiliorum
419 1153 720 1202 admiratione
753 1154 899 1204 defixa
935 1156 1050 1203 olim
1083 1154 1321 1218 posteritas
1357 1155 1560 1204 debitam
1595 1154 1908 1221 magnitudini

79 1265 122 1298 et
157 1251 316 1298 virtuti
347 1251 480 1301 Tuae
509 1251 715 1310 laudem,
753 1269 862 1300 cum
899 1267 1121 1317 perpetua
1149 1268 1307 1300 rerum
1342 1269 1367 1300 a
1397 1253 1473 1320 Te
1511 1252 1745 1318 gestarum
1778 1268 1908 1301 cotn-

75 1350 437 1407 memoratione,
492 1350 724 1414 rependat.
791 1352 857 1399 Ita
907 1350 1188 1412 amplissimis
1234 1351 1281 1397 in
1335 1349 1486 1397 futura
1525 1349 1753 1413 praesidiis
1785 1351 1901 1413 Spes

78 1447 249 1497 Galliae
295 1447 478 1505 nititur,
533 1447 810 1508 Auditore33
851 1447 910 1494 ita
955 1444 1196 1494 certiffima
1232 1444 1382 1495 salutis
1430 1444 1532 1495 suae
1575 1439 1776 1513 pignora
1809 1463 1909 1496 non

76 1545 218 1595 fallaci
240 1544 445 1609 quodam
473 1545 645 1594 iudicio
669 1559 903 1610 expectat,
938 1543 1011 1592 sed
1043 1545 1090 1592 in
1120 1542 1217 1609 ipso
1249 1542 1374 1593 adeov
1397 1542 1497 1593 finu
1529 1543 1612 1594 suo
1642 1546 1733 1595 iam
1764 1545 1908 1605 fouet,

77 1646 168 1703 iam
210 1657 362 1691 tuetur
405 1644 561 1693 Gallia.
617 1644 680 1694 ‘O
720 1644 900 1692 felicem
937 1657 1041 1692 ante
1084 1656 1154 1691 tot
1187 1643 1290 1691 alias
1328 1657 1492 1708 gentes
1534 1645 1798 1710 populum!
1832 1645 1908 1694 cui

78 1755 199 1790 tanta
224 1741 396 1806 gloriae
420 1741 829 1807 segespropofita3
864 1742 944 1805 qui
981 1740 1300 1807 digniffimum
1329 1740 1561 1797 Ludouici
1600 1744 1768 1810 Magni
1808 1741 1909 1791 suc-

85 1835 331 1894 cessorem,
366 1838 564 1884 Maximi
608 1839 777 1885 Pronui
814 1840 1078 1887 Maximum
1099 1839 1420 1904 Pronepotem
1455 1840 1511 1907 Δ,ἱῑι
1544 1841 1761 1908 Augusto
1794 1840 1908 1891 solio

83 1948 339 1982 veneratur.
407 1933 596 1998 Respice
621 1951 737 2000 ergo
766 1935 845 1983 has
879 1936 1009 1983 Tuas
1032 1935 1240 1993 delicias,
1275 1938 1482 2001 Regibus
1513 1939 1635 1987 Tuis
1673 1938 1907 1988 deuotiff-

81 2048 184 2090 ma,
217 2032 433 2080 Francica
470 2031 752 2097 Progenics3
789 2030 979 2096 Respice
1019 2018 1217 2081 Sacrum
1252 2032 1345 2081 hoc
1379 2035 1497 2082 coeli
1539 2034 1825 2099 depositum,
1861 2049 1907 2085 et

80 2129 278 2178 eundern
317 2143 407 2177 tam
439 2144 648 2177 tenerum
682 2128 902 2177 felicitatis
923 2131 1056 2177 Tuae
1083 2129 1343 2187 surculum,
1382 2132 1457 2179 cui
1486 2130 1698 2181 securitas
1724 2123 1905 2197 publica

81 2229 321 2285 innititur,
365 2228 440 2274 cui
478 2226 820 2277 Ludouicianus
864 2226 936 2274 ille
973 2228 1113 2292 vigor
1163 2242 1448 2294 propagatus
1492 2229 1725 2288 inhtteret,
1763 2246 1904 2294 quam

82 2323 292 2374 maximis
314 2325 520 2374 auctibus
539 2314 898 2374 succrescentem
933 2325 1126 2390 supplex
1165 2340 1210 2374 et
1233 2326 1344 2374 laeta
1373 2343 1602 2376 venerare.
1671 2330 1906 2379 Venerare

82 2422 345 2489 Augustum
371 2422 478 2471 illud
521 2423 641 2473 fidus
675 2424 839 2472 Tuum
859 2458 872 2481 ,
901 2423 1030 2487 quod
1063 2423 1177 2472 Tibi
1196 2437 1241 2473 et
1277 2427 1363 2474 toti
1389 2426 1507 2473 Orbi
1529 2425 1711 2476 salutare
1743 2427 1905 2489 illuxit,

81 2521 212 2586 quod
242 2519 322 2568 suo
343 2519 584 2584 splendore
614 2510 939 2571 futurae‘saluti
961 2522 1096 2572 Tuae
1132 2523 1222 2572 iam
1253 2540 1351 2571 non
1393 2540 1417 2571 e
1439 2524 1704 2590 longinquo
1727 2525 1906 2591 praelu-

78 2632 168 2668 cet.
237 2619 413 2683 Repete
439 2632 484 2668 et
510 2621 762 2686 multiplica
791 2621 972 2671 votiuas
998 2619 1129 2671 Tuas·
1154 2637 1243 2687 pro
1277 2622 1479 2687 pignore
1507 2636 1601 2672 tam
1625 2622 1795 2675 sacrato
1825 2640 1905 2674 vo-

82 2749 92 2759 .
148 2715 270 2779 Pars
304 2717 339 2765 Z
1024 2717 1069 2766 C
1813 2734 1901 2778 ces,
