2503 3444
2 1027 11 1210 ae.-·-—--1-
4 935 11 992 ..w
5 829 11 905 -....-
5 743 11 806 ,.--
5 537 12 719 -.----.,.-,-«
7 412 9 418 c
6 361 9 374 Α.
5 242 11 314 „NA-

7 2861 11 2879 Α
8 2843 11 2850 .
8 2785 11 2830 ,.-,,
10 2767 11 2770 Α
7 2673 11 2750 -..-,
7 2596 11 2660 ..--
7 2573 10 2582 .,
6 2510 11 2560 —0
0 2199 11 2491 ---i-..--..-·-..-..-
3 1376 11 2187 fflm--n-m—-o—m..-—-..<m.-W
0 1303 11 1360 ...Δ
5 1249 11 1290 --.
4 1232 9 1238 1

696 292 1323 371 Q)(0)(ss
1860 312 1931 369 39

94 423 293 476 omnino
323 433 458 485 atque
488 433 545 467 ex
584 418 638 467 iis
668 433 943 483 excerpere,
980 432 1137 466 mores
1167 416 1470 482 indolemque
1505 419 1723 466 locorum
1757 419 1934 467 exami-

93 538 225 581 nare,
260 519 426 569 doctos
454 534 562 567 cum
595 516 800 566 Eruditis
829 514 1064 565 sermones
1089 514 1304 574 miscere,
1341 517 1589 566 amicitiam
1625 530 1669 565 et
1700 516 1933 567 familiari-

93 634 231 670 tatem
262 633 429 666 eorum
456 616 710 674 demereri,
747 614 847 663 haec
870 613 958 664 sola
981 615 1255 663 BARTHII
1283 630 1421 672 cura,
1457 614 1532 662 hic
1558 616 1823 680 praecipuus
1857 616 1932 664 iti-

86 693 211 769 neris
236 716 419 767 literarii
441 714 543 763 finis
565 714 661 763 fuit.
729 713 792 763 Et
816 714 896 777 qui
920 727 1103 778 poterat
1127 729 1225 761 non
1249 713 1296 761 in
1321 713 1539 763 omnium
1562 714 1830 763 Doctorum
1857 714 1932 764 be-

91 815 400 867 neuolentiam
431 812 473 862 se
510 812 734 862 insinuare
767 812 946 861 iuuenis
967 845 981 871 ,
1027 812 1109 875 qui
1138 812 1184 859 in
1216 811 1303 861 isto
1337 811 1483 860 aetatis
1519 813 1634 860 flore
1670 813 1929 862 multorum

28 928 31 929 ’
87 915 176 965 iam
202 912 365 965 senum
390 903 702 961 eruditionem
724 909 1042 976 superauerat,
1079 924 1124 959 et
1157 926 1212 959 ex
1239 927 1337 975 quo
1360 909 1444 976 ipsi
1470 912 1641 976 pariter
1665 910 1928 961 habuerunt

88 1012 217 1078 quod
248 1011 485 1060 discerent.
553 1011 755 1060 Nullum
779 1009 889 1058 hinc
912 1009 1110 1059 honoris
1140 1026 1292 1075 genus
1325 1008 1413 1059 fuit
1431 1043 1444 1068 ,
1478 1011 1526 1058 in
1559 1026 1658 1073 quo
1680 1009 1830 1075 ipsum
1852 1027 1929 1060 or-

86 1111 241 1162 nando
267 1127 363 1159 non
391 1110 669 1159 certauerint
701 1109 880 1158 illarum
920 1107 1174 1174 praesertim
1201 1107 1563 1158 Academiarum
1595 1108 1844 1169 proceres,
1879 1110 1929 1159 in

85 1210 252 1276 quibus
284 1208 549 1272 aliquandiu
580 1208 867 1257 commorari
904 1206 1185 1256 decreuerat.
1254 1206 1430 1256 Nullus
1460 1207 1510 1255 in
1540 1208 1782 1259 Germania
1806 1208 1926 1257 cele-

87 1309 212 1359 brior
237 1307 485 1364 Eruditus,
521 1307 602 1370 qui
645 1324 742 1355 non
781 1306 840 1354 de
874 1306 988 1355 Eius
1021 1303 1256 1370 praesentia
1292 1304 1375 1354 fibi
1404 1306 1660 1371 gratulatus
1692 1305 1924 1371 hospitem

83 1406 218 1458 Eum*
244 1419 290 1454 et
315 1406 518 1455 amicum
551 1404 633 1453 fibi
664 1404 985 1469 exoptauerit:
1024 1403 1070 1452 id
1100 1402 1232 1466 quod
1259 1403 1590 1452 continuatum
1621 1406 1734 1453 Eius
1767 1405 1924 1470 postea

85 1521 192 1555 cum
224 1502 489 1555 Clariffimis
520 1502 645 1553 istius
679 1520 778 1552 orae
806 1503 934 1552 Viris
973 1500 1272 1551 vastiffimum
1306 1501 1544 1551 literarum
1576 1504 1926 1578 commercium

81 1603 259 1654 abunde
282 1603 620 1668 comprobauit.
687 1603 855 1651 Tantis
873 1600 1026 1666 spoliis
1046 1600 1239 1650 onustus
1265 1614 1311 1649 et
1334 1599 1483 1649 redux
1505 1601 1553 1650 in
1583 1601 1747 1651 Patrioe
1771 1601 1923 1665 finum

79 1700 241 1754 effudit
264 1701 364 1750 illos
385 1700 656 1750 eruditionis
680 1699 938 1758 thesauros,
974 1715 1095 1764 quos
1118 1699 1266 1748 statim
1296 1714 1409 1748 cum
1437 1699 1623 1750 Exteris
1650 1702 1822 1766 pariter
1851 1715 1919 1750 at-

46 1788 50 1792 *
80 1816 173 1865 que
205 1815 314 1848 cum
346 1798 543 1848 Ciuibus
570 1798 658 1848 suis
684 1798 808 1864 larga
839 1799 1011 1847 iterum
1052 1814 1195 1847 manu
1234 1799 1606 1848 communicauit
1624 1833 1639 1858 ,
1685 1813 1824 1864 atque
1862 1800 1922 1851 ita

47 1897 472 1955 vcommunicauit,
507 1896 784 1955 Auditores,
831 1911 884 1945 ut
917 1897 964 1945 in
1000 1897 1132 1945 vario
1156 1895 1448 1946 scientiarum
1491 1913 1666 1962 genere
1711 1912 1757 1947 et
1796 1897 1922 1948 sacro

79 1995 330 2062 praesertim
363 1994 513 2043 studio
535 1995 708 2044 multos
733 1986 1027 2060 magnosque
1051 1996 1141 2044 iam
1167 1992 1380 2043 formarit
1410 1996 1603 2060 genios,
1637 2012 1759 2060 quos
1786 2013 1920 2046 nem-

78 2110 137 2160 pe
159 2110 345 2159 capaces
373 2094 572 2151 inuenit,
607 2095 655 2141 in
687 2109 808 2156 quos
839 2109 896 2142 ex
930 2092 1057 2142 vasto
1084 2090 1166 2141 suo
1201 2093 1475 2142 eruditionis
1500 2094 1699 2144 Oceano
1729 2095 1920 2145 uberio-

77 2207 149 2242 res
173 2193 298 2241 riuos
328 2191 573 2245 deriuaret,
643 2191 950 2241 personabant
973 2190 1096 2240 aedes
1116 2191 1228 2240 Eius
1251 2192 1462 2256 quotidie
1486 2192 1700 2243 docentis
1720 2211 1918 2261 magno-

77 2306 169 2354 que
195 2307 393 2339 numero
417 2289 690 2339 discentium
716 2307 835 2339 voce
859 2307 902 2339 et
925 2290 1106 2340 ardore.
1177 2290 1381 2358 Qoties
1406 2291 1482 2339 hic
1505 2291 1598 2357 ipse
1626 2292 1784 2352 locus,
1816 2294 1917 2343 haze

79 2368 212 2442 atrata
231 2390 321 2438 iam
342 2388 556 2439 cathedra
578 2389 690 2439 Eius
715 2388 952 2453 praesentia
979 2387 1291 2453 exsplenduit,
1326 2389 1439 2439 Eius
1461 2389 1676 2442 facundia
1701 2393 1916 2442 omnium

78 2487 237 2536 oculos
259 2487 352 2535 huc
386 2486 576 2545 direxit,
611 2488 684 2536 vel
714 2487 827 2536 Eius
850 2503 1043 2551 quoque
1064 2487 1162 2537 telis
1188 2488 1406 2537 concussa
1430 2490 1634 2551 tremuit.
1703 2491 1772 2539 Eli
1799 2507 1915 2541 vero

79 2580 184 2635 ficri
211 2585 433 2652 perhanc
458 2585 622 2640 urbem
642 2584 910 2653 suggestus,
945 2585 1026 2637 suo
1054 2586 1147 2638 iam
1175 2586 1379 2639 Oratore
1409 2589 1601 2652 priuati,
1637 2591 1820 2654 quoties
1848 2592 1916 2640 ira

1869 2701 1916 2737 et
