2585 3485
665 0 687 1 W
767 0 925 2 ἡὴ,

2 55 7 111 l

3 140 9 160 i

3 163 7 293 l

2 298 8 420 l
648 315 757 394 ’aa
835 314 901 390 ><
941 336 978 375 0
1016 315 1083 390 ><
1161 315 1274 390 ate
1802 326 1871 378 ετ

2 421 7 502 l
41 442 309 496 MARtAt
378 441 508 490 Salue
542 418 698 489 diuina
727 439 1066 504 Septentiionis
1100 437 1387 504 Progenies,
1440 439 1622 507 Virago
1660 439 1883 498 coelestis,

2 518 6 595 ¹
40 542 220 593 Excelfi
255 540 460 590 Parentis
491 537 674 588 Excelsa
703 538 939 604 propago.
1006 537 1089 586 Tu
1127 537 1352 586 nimirum
1383 538 1453 588 illa
1482 554 1531 587 es
1555 538 1762 588 Gloriosa
1787 539 1887 588 He⁴

2 606 8 704 Ξ
42 643 162 699 tois,
215 656 355 704 quam
404 637 739 703 potentissimus
761 623 951 701 Regum
996 636 1364 700 Piincipumque
1398 636 1659 685 Monarcha
1695 636 1882 686 thalami

2 710 8 791 l
40 738 106 789 sui
135 738 299 788 sociam
325 771 338 795 ,
375 737 558 800 impeiii
587 735 878 792 consortem,
917 733 992 784 sol
985 736 1037 793 ii,
1067 751 1298 792 coronae,
1333 733 1622 798 sceptrorum
1656 747 1699 782 et
1740 735 1887 783 Maie-

2 799 7 903 Ξ
42 837 164 888 statis
202 835 303 886 suae
334 836 606 901 participem
638 836 755 883 facit.
851 834 933 882 Tu
959 833 1079 900 ⁸illud
1115 849 1164 882 es
1200 832 1393 882 coeleste
1432 832 1680 881 Palladium
1701 867 1714 891 ,
1744 833 1883 897 'quod

2 906 7 997 i
41 953 139 985 non
179 936 221 982 in
247 935 447 983 Gallicae
479 933 626 982 modo
656 933 877 982 felicitatis
900 934 1095 998 pignuS,
1128 931 1202 980 fied
1231 933 1277 979 in
1303 931 1451 982 Orbis
1474 931 1722 981 Christiani
1754 949 1884 998 prae-

3 1008 7 1061 l
43 1033 208 1083 fidium
247 1033 516 1080 mortalibus
552 1030 817 1080 concessum
852 1032 927 1080 est.
1028 1033 1104 1080 Te
1146 1030 1241 1079 huc
1284 1031 1375 1079 iam
1414 1029 1499 1079 fata
1541 1045 1794 1090 vocarunt,
1832 1047 1882 1080 vt

3 1103 7 1191 l
44 1131 243 1180 Maximi
277 1132 322 1177 in
358 1132 486 1178 terris
510 1131 652 1196 Regis
681 1131 886 1178 Maxima
910 1131 1088 1195 Regina
1119 1129 1308 1190 dicaris;
1347 1143 1398 1177 vt
1419 1129 1633 1177 Liliatum
1657 1129 1882 1179 Diadema

3 1216 7 1282 Ξ
43 1229 90 1277 in
121 1230 302 1276 Sacram
329 1215 443 1276 Tuo
477 1230 622 1291 capite
660 1227 937 1293 resplendeat
960 1246 972 1289 3
1009 1242 1060 1276 vt
1086 1227 1386 1291 triumphales
1410 1226 1657 1275 Gallorum
1682 1227 1883 1278 Laureae

3 1323 7 1395 l
44 1327 166 1375 inter
198 1324 364 1374 frontis
388 1327 522 1373 Tuae
554 1325 720 1374 decora
751 1326 1033 1374 misceantur.
1102 1327 1176 1374 Sic
1208 1327 1283 1374 Te
1307 1324 1538 1373 vniuers-ae'
1569 1342 1694 1373 nunc
1717 1341 1884 1391 gentes

3 1397 7 1485 l
43 1422 314 1488 respiciunt,
354 1424 574 1487 Princeps
605 1423 936 1487 potentillim33
983 1423 1041 1470 fic
1074 1425 1121 1470 in
1157 1422 1432 1486 obsequium
1464 1423 1629 1471 Tuum
1664 1425 1756 1472 ruit
1786 1426 1886 1473 Au·

3 1525 8 1596 l
43 1522 181 1572 stralis
217 1523 346 1588 plaga
385 1536 429 1569 et
458 1522 748 1585 Septentrio,
785 1519 843 1568 sic
875 1521 987 1569 Tibi
1016 1521 1233 1569 acclamat
1256 1521 1430 1569 Oriens
1462 1534 1600 1584 atque
1628 1520 1882 1573 Occidens.

4 1603 8 1715 i
44 1619 104 1669 Et
130 1635 239 1677 nos,
275 1619 480 1686 Augusta
503 1620 708 1685 Regina,
742 1621 823 1682 qui
850 1621 988 1683 primi
1028 1635 1086 1668 ex
1115 1619 1336 1667 omnibus·
1357 1619 1533 1667 Galliae
1557 1618 1737 1668 ciuibus
1767 1621 1883 1671 Tuo

45 1717 368 1781 gratulabundi
396 1718 571 1766 admoti
596 1717 750 1766 {umus
773 1718 908 1776 solio,
945 1735 1069 1767 nunc
1095 1718 1289 1766 demum
1317 1719 1482 1766 miram
1507 1717 1740 1782 quandam
1763 1732 1882 1768 tem·
1906 1728 1908 1730 ’

4 1795 8 1874 l
51 1829 223 1878 porum
259 1813 523 1860 futurorum
548 1814 758 1877 speciem
784 1816 1018 1865 mentibus
1051 1816 1218 1865 nostris
1253 1817 1503 1882 agitamus3
1538 1834 1664 1866 nunc
1687 1816 1881 1868 demum

4 1888 7 1956 Ξ
43 1910 234 1967 florere,
285 1925 409 1957 nunc
440 1911 486 1957 in
509 1909 692 1959 summo
716 1928 871 1960 rerum
902 1912 1081 1978 fastigio
1112 1929 1198 1961 nos
1233 1914 1345 1961 stare
1378 1913 1579 1962 animosa
1610 1915 1882 1979 interpreta-

4 1957 8 2067 Ξ
46 2008 173 2055 tione
209 2021 491 2070 reputamus.
562 2007 722 2073 Qam
763 2009 901 2057 ardua
937 2008 1122 2057 dicendi
1162 2011 1379 2061 materia!
1415 2010 1689 2072 Auditore83
1724 2012 1880 2079 digna,

46 2121 186 2171 quam
220 2106 420 2154 maxim
414 2121 447 2152 s
487 2105 639 2152 omni
641 2122 703 2153 m
734 2107 993 2155 seculorum
1029 2107 1211 2156 Ora'tor
1241 2108 1398 2157 diuina
1438 2123 1694 2173 exponeret
1727 2109 1883 2160 facun-

46 2201 150 2261 dia,
185 2202 257 2251 sed
302 2216 347 2250 et
394 2219 533 2265 quam
571 2203 758 2251 quenis
793 2217 838 2251 et
868 2204 1080 2252 nondum
1115 2202 1214 2253 satis
1255 2204 1557 2255 confirmatus
1595 2208 1882 2272 pertimescat

49 2299 242 2351 Oritor.
310 2301 492 2349 Faciam
527 2314 706 2359 tamen,
741 2301 869 2364 quod
893 2303 1034 2369 pietas
1055 2320 1133 2351 me
1163 2303 1344 2367 publica
1369 2303 1535 2352 iubet
1524 2304 1733 2369 ‚sequar
1764 2306 1880 2357 fasti-

47 2397 122 2462 gia
166 2409 259 2444 tam
281 2397 440 2446 excelsi
460 2400 722 2464 argumenti
743 2416 756 2459 5
791 2398 950 2463 sequar
970 2401 1241 2449 volitantem
1264 2418 1346 2465 per
1367 2415 1508 2451 terras
1531 2403 1622 2450 iam
1645 2405 1878 2466 publicam

49 2492 242 2551 famam,
269 2509 366 2561 'qua
413 2493 570 2559 paffim
605 2496 879 2546 celebratur:
917 2497 1104 2547 FELIX
1139 2498 1439 2565 AQVILAE
1481 2499 1879 2553 POLONICAE

46 2590 201 2640 CVM
224 2591 518 2643 GALLICO
541 2593 709 2663 SOLE
733 2595 1200 2648 CONIVNCTIO.
1270 2596 1410 2663 Quos
1433 2613 1565 2648 meos
1589 2598 1637 2649 in
1663 2602 1878 2653 maximis

1008 2694 1059 2744 H
1099 2710 1122 2753 3
1645 2696 1652 2703 ’
1739 2699 1877 2748 rebus

4 2482 9 2653 l

4 2658 8 2691 Ξ

5 2699 7 2722 ι

5 2866 8 2892 Ι
49 2856 60 2861 -

5 2902 9 2943 i

6 3097 9 3134 l

6 3206 9 3237 l
