2626 3490
723 334 834 414 Q,
915 337 1161 412 )(0·)(
1240 334 1350 412 οὔ*
1830 355 1961 399 mx

121 457 293 520 dedit,
333 460 416 515 cui
462 477 642 535 parem
669 463 717 515 in
746 463 1012 517 Historico
1051 461 1347 516 studiorum
1386 477 1582 536 genere
1608 462 1750 538 apud
1787 465 1960 538 priua-

118 598 235 639 tum
270 584 451 640 nullibi
488 604 584 641 nee
623 604 725 659 ego
761 585 893 647 vidi,
939 588 1029 660 qui
1061 585 1247 642 multas
1281 587 1411 648 vidi,
1470 604 1565 643 nee
1593 584 1738 642 facile
1770 587 1957 646 viderit

119 713 425 784 quisquam,
449 729 671 784 eamque
702 728 826 766 cum
857 710 1252 783 Manuscriptis,
1278 709 1727 783 Inscriptionibus‚
1770 713 1958 786 Signis

117 834 342 909 Sigillis,
405 834 579 895 Vasis‚
637 835 997 913 Instrumentis
1043 851 1289 891 veterum
1350 835 1498 890 (acris
1548 850 1600 890 et
1645 835 1955 899 domesticis,

114 959 347 1020 Numis‚
404 962 654 1033 omnique
696 959 804 1020 illa,
844 977 1003 1034 quam
1053 961 1105 1013 in
1141 959 1412 1014 itineribus
1443 956 1677 1021 sedulus,
1719 957 1954 1016 curiosus

117 1099 172 1139 et
203 1082 328 1139 felix
352 1082 607 1140 scrutator
641 1084 948 1158 collegerat,
987 1083 1304 1160 supellectile
1335 1087 1431 1140 rite
1466 1083 1720 1158 dispositis
1748 1098 1953 1140 extero-

116 1227 240 1266 rum
269 1224 321 1263 et
343 1210 708 1281 indigenarum
749 1207 860 1264 vsui
902 1224 958 1263 vt
982 1225 1160 1283 patere
1184 1208 1349 1282 posset
1391 1207 1561 1263 effecit
1596 1207 1952 1282 obtinuitque.

116 1351 174 1390 Vt
199 1352 333 1408 quae
374 1332 538 1407 sparsa
564 1352 660 1407 per
686 1333 930 1388 Alsatiam
959 1350 1011 1387 et
1040 1334 1090 1386 in
1124 1332 1313 1388 finibus
1352 1347 1621 1402 repererat
1663 1329 1951 1404 Inscriptio-

114 1476 244 1516 num
270 1496 286 1520 ‚
343 1457 751 1527 Statuarumque
793 1471 845 1509 et
882 1456 1228 1511 Marmorum
1272 1472 1612 1511 monumenta
1648 1456 1698 1509 in
1736 1452 1950 1511 aedium

113 1584 324 1639 suarum
380 1582 639 1639 vestibulo
687 1580 927 1655 congesta
990 1595 1143 1637 vetus
1194 1578 1411 1656 aliquod
1462 1578 1680 1637 Latium
1738 1578 1948 1634 intranti

114 1706 381 1765 offerrent.

268 1934 513 2015 Offertur
535 1936 661 1990 haec
696 1940 887 2009 agenti,
919 1936 1093 1992 mense
1117 1936 1408 1992 Februario
1435 1936 1499 1992 A.
1529 1934 1944 1992 MDCCXLVI.

112 2069 163 2122 in
189 2060 376 2119 Bataua
418 2059 762 2133 Lugdunenfi
800 2058 1080 2115 Academia
1123 2077 1306 2114 vacans
1351 2059 1731 2115 VITRIARII
1768 2074 1941 2112 morte

110 2187 378 2257 cathedra3
421 2184 503 2240 sed
540 2183 678 2239 nulla
708 2184 848 2238 Eum
875 2181 1031 2243 olim,
1072 2182 1212 2237 nulla
1241 2200 1337 2238 nec
1361 2199 1502 2237 nune
1525 2179 1798 2254 promissa,
1840 2178 1940 2235 sol-

110 2312 410 2368 licitationes
446 2308 614 2364 nullae
654 2307 903 2363 inducere
945 2321 1268 2382 potuerunt,
1310 2309 1666 2379 Argentorato
1701 2323 1756 2374 et¹
1778 2302 1940 2358 Galli-

112 2441 182 2495 cis
223 2435 390 2491 Musis
424 2451 480 2490 vt
513 2433 838 2490 valediceret.
917 2431 1114 2504 Longo
1139 2436 1277 2486 enim
1306 2429 1555 2486 didicerat
1581 2428 1699 2489 vsu,
1743 2426 1937 2484 nullam

109 2561 358 2637 Europae
389 2558 586 2616 Vrbem
611 2558 768 2615 literis
793 2573 845 2614 et
867 2556 1135 2612 literarum
1171 2557 1491 2612 commercio
1525 2552 1796 2610 tractandis
1838 2552 1935 2607 Ar·

1072 2695 1107 2736 a
1806 2690 1933 2748 gen-
