2503 3444
683 292 792 381 *Q
873 303 1116 381 )(0)(
1192 306 1303 383 ὥθ’
1803 339 1906 380 111

210 430 366 483 Caroli
394 424 624 478 Ludovici
646 427 903 477 institutum
935 429 1142 494 prudens
1171 431 1281 480 alios
1309 434 1517 483 certatim
1544 433 1752 501 Europae
1774 439 1911 491 Ptin-

79 528 204 595 cipes
225 528 503 585 commouit,
533 542 584 576 ut
607 541 699 577 tarn
726 526 949 576 laudabile
975 526 1271 592 sequerentur
1292 521 1579 596 exemplum(
1645 536 1698 584 In
1730 516 1910 605 elegan-

79 625 184 676 tiori
229 625 299 674 illa
340 625 574 674 literarum
619 626 950 674 humaniorum
994 625 1206 676 doctrina
1233 662 1245 684 ,
1284 645 1502 692 quantam
1542 631 1622 680 fibi
1663 634 1908 688 Freinshe-

77 723 224 782 mins,
270 722 542 772 Laurentius
577 723 821 791 BegeruS,
867 722 1036 774 famam
1068 726 1117 773 in
1160 728 1378 776 omnium
1416 726 1676 780 seculorum
1714 751 1907 800 pepere-

72 833 184 872 runt
216 820 485 870 Annalibus.

163 953 167 955 ⁴
201 939 444 1004 Apollines
470 940 520 990 hi
555 941 807 991 Palatinum
831 941 1095 992 Parnassum
1120 956 1165 993 et
1188 943 1371 1003 Aulam,
1405 944 1486 994 sub
1508 945 1724 998 Electore
1745 950 1907 1015 docto,

75 1036 300 1087 doctrinae
335 1036 427 1087 suae
457 1038 592 1089 radiis
627 1040 743 1089 dum
779 1041 864 1090 late
895 1041 1157 1094 collustrant
1184 1058 1196 1102 3
1229 1042 1540 1107 polyhistores
1573 1047 1742 1106 Voffii,
1779 1066 1907 1113 pater

74 1148 119 1185 et
147 1134 288 1208 filius,
322 1151 380 1185 ex
415 1137 663 1188 palatinatu
696 1138 1002 1204 prodeunte3‚
1039 1137 1290 1204 stupendos
1328 1141 1602 1191 eruditionis
1636 1145 1904 1202 Thesauros

73 1216 194 1299 apud
218 1249 403 1283 exteros
428 1233 689 1285 effundunt.
754 1237 989 1309 Tantum
993 1237 1255 1288 Palatia-atui
1289 1238 1427 1288 debet
1460 1240 1588 1290 orbis
1618 1243 1836 1298 literatus-

120 1347 123 1349 “
200 1353 411 1444 Tantum
439 1354 711 1406 Palatinarus
733 1356 1118 1406 Simmerenfibus
1153 1356 1240 1407 suis
1263 1357 1557 1409 Electoribus
1585 1362 1736 1414 debet.

200 1434 418 1523 Vestrum
453 1473 550 1534 est,
586 1475 809 1524 Proceres
842 1475 1068 1536 Palatini3
1111 1476 1331 1525 Vestrum
1361 1477 1461 1536 est,
1497 1477 1683 1529 Palatini
1722 1484 1901 1537 Acade-

72 1570 204 1629 mici,
237 1573 460 1622 omnibus
496 1573 673 1625 viribus
702 1589 762 1625 eo
795 1574 998 1628 conniti,
1030 1572 1426 1627 Theodorianum
1455 1590 1508 1628 ut
1542 1578 1748 1632 seculum
1777 1586 1902 1636 Sim-

70 1668 272 1718 merense
306 1670 531 1734 adaequet.

1682 1736 1726 1751 X

199 1788 290 1837 Sed
323 1791 413 1838 iarn
447 1789 848 1856 progrediendum
881 1790 938 1841 ad
974 1806 1057 1851 ea,
1090 1806 1199 1857 quae
1229 1792 1278 1843 in
1311 1793 1569 1848 Conuentu
1598 1797 1694 1849 hoc
1721 1798 1897 1854 solenni

70 1885 299 1936 tractanda
328 1891 598 1953 expectatiS,
634 1888 900 1939 Auditores.
1011 1890 1013 1892 ’

197 2005 272 2054 Ad
309 2020 353 2071 te
391 2008 542 2070 itaque
579 2023 654 2055 me
689 2021 953 2066 conuerto,
989 2008 1079 2057 Vir
1119 2008 1284 2069 docte,
1318 1997 1400 2075 {qui
1428 2012 1694 2065 Academiae
1725 2018 1897 2071 nostrae

72 2101 126 2150 ab
156 2103 286 2151 Actis
307 2119 377 2161 es,
412 2119 548 2168 teque
580 2107 755 2163 inuito,
790 2122 948 2154 rerum
978 2107 1265 2172 agendarum
1295 2123 1343 2158 ut
1364 2111 1549 2161 initium
1575 2114 1726 2174 facias,
1756 2131 1897 2183 atque

86 2262 88 2264 V
133 2200 368 2267 augustam
389 2202 506 2250 hanc
538 2202 731 2251 edoceas
755 2202 1080 2262 Concionem,
1107 2203 1219 2268 quid
1244 2206 1365 2255 circa
1391 2211 1580 2272 praemia
1600 2212 1831 2267 doctrinae

334 2319 342 2321 *
412 2299 722 2352 distribuenda
755 2300 1064 2350 Academicus
1098 2302 1254 2353 noster
1287 2303 1547 2359 decreuerit

269 2348 300 2370 Q

859 2398 1104 2450 consessus.

680 2531 790 2634 a}
1145 2534 1257 2637 a

1622 2680 1891 2739 ORATIO
