2567 3470
636 351 712 407 34
1195 325 1872 404 ''QXoXss

629 453 704 504 sed
728 451 934 503 conuicit
968 451 1100 516 plane
1133 449 1428 516 reddiditque
1459 452 1661 502 audacioe
1687 450 1918 517 pertaesos.
1990 449 2128 516 Qiot
2160 449 2233 499 ille
2271 449 2327 501 ad
2358 466 2470 502 eun-

628 553 738 602 dem
762 552 848 602 Dei
875 567 1111 607 amorem,
1146 549 1202 598 ad
1228 550 1432 599 eundem
1461 568 1550 616 pro
1573 553 1738 615 pietate
1760 551 1928 599 Zelum
1954 547 2236 597 sanctiffimiS
2260 549 2473 619 moribua

625 651 715 700 fuis
737 650 988 699 concitauit
1019 663 1063 698 et
1086 650 1285 714 impulit,
1322 650 1497 713 suoque
1522 647 1620 698 satis
1648 649 1867 713 exemplo
1898 646 2074 706 docuit,
2111 646 2236 696 haud
2269 639 2488 711 impoffi-'

629 750 769 818 bilem
802 747 913 807 effe,
949 765 1091 812 quem
1121 747 1220 812 Ipse
1258 763 1350 796 tam
1386 747 1566 796 strenue
1601 747 1780 811 semper
1814 746 2089 803 calcauerat,
2125 746 2354 793 virtutum
2387 742 2478 805 tra&

626 849 805 898 mitem.
885 849 953 896 Ita
984 849 1108 895 enim
1149 846 1414 910 reputabat:
1453 862 1529 895 aut
1557 862 1654 894 non
1690 843 1990 902 docendum,
2025 858 2102 893 aut
2136 843 2351 892 moribus
2384 842 2471 894 do-

627 946 833 996 cendum
857 944 956 994 esse.
1025 946 1133 993 Siuc
1159 961 1276 1010 ergo
1306 944 1596 1009 imploranda
1633 960 1720 1008 pro
1743 943 2012 992 mortalium
2049 923 2372 991 emolumento
2404 942 2474 992 di-

625 1047 735 1096 vina
771 1042 1096 1100 misericordia,
1126 1041 1218 1090 fiue
1243 1042 1595 1106 praedicandum
1625 1040 1853 1090 excelsum
1877 1041 1988 1090 illud
2021 1041 2267 1090 Maiestatis
2290 1054 2474 1090 aeternae

625 1143 858 1209 fastigium
871 1175 884 1201 ,
919 1141 1011 1191 flue
1035 1142 1284 1190 hominum
1309 1139 1511 1204 denique
1549 1155 1729 1189 mentes
1765 1140 1822 1190 ad
1856 1140 2067 1190 debitum
2103 1139 2352 1189 honestatis
2384 1139 2475 1188 stu-

625 1241 785 1300 dium,
820 1240 876 1291 ad
900 1238 1136 1289 sollicitam
1166 1240 1211 1287 in
1249 1239 1465 1304 precibus
1497 1240 1831 1297 deuotionem,
1863 1237 1919 1288 ad
1958 1238 2263 1288 ardentiffima
2295 1237 2474 1303 suspiria

623 1339 906 1397 excitandae,
938 1338 1078 1396 nihil,
1116 1337 1229 1386 nihil
1265 1338 1480 1401 inquam,
1516 1338 1691 1388 horum
1732 1337 1842 1395 fuit,
1879 1337 1936 1386 ad
1972 1337 2104 1401 quod
2136 1337 2300 1401 aequali
2333 1335 2499 1386 ard0·-

625 1456 701 1497 re,
735 1439 902 1502 aequali
937 1436 1088 1485 studio
1119 1436 1443 1502 peragendum
1476 1453 1575 1485 non
1605 1435 1978 1501 promptissimus
2013 1434 2134 1484 effer.
2216 1440 2367 1483 Macte
2401 1434 2472 1484 illa

627 1538 795 1603 pietate
815 1536 948 1593 Tua,
984 1533 1251 1606 sanctiilime
1279 1534 1461 1598 Mysia,
1499 1550 1588 1598 qua
1611 1550 1813 1601 regnum
1835 1533 2019 1582 coeleste
2055 1535 2102 1581 in
2128 1532 2200 1583 his
2222 1534 2356 1583 terris
2379 1515 2479 1584 tam·

624 1635 782 1685 illustri
807 1634 965 1683 labore
987 1649 1261 1698 propagare,
1289 1646 1383 1681 tam
1403 1631 1577 1681 efficaci
1605 1633 1709 1680 zelo
1737 1632 2017 1697 amplificare
2040 1631 2274 1692 studuisti;
2311 1647 2357 1682 et
2377 1648 2470 1696 qua

625 1735 717 1786 Dei
736 1734 907 1799 paritet
927 1731 1275 1794 hominumque
1308 1747 1519 1779 amorem
1542 1731 1792 1778 immortali
1820 1731 2041 1796 exemplo
2072 1731 2187 1780 Tibi
2211 1731 2468 1781 conciliasti.

624 1832 718 1883 Sed
740 1833 822 1896 qui
854 1848 950 1880 non
979 1831 1198 1879 omnium
1230 1830 1412 1878 animos
1446 1828 1527 1877 fibi
1562 1830 1809 1878 conciliare
1838 1828 2085 1888 debuerat,
2121 1832 2205 1896 qui
2235 1845 2328 1880 tam
2351 1847 2483 1896 prae-¹

624 1931 748 1980 claro
773 1932 820 1978 in
841 1945 1008 1979 omnes
1031 1928 1207 1987 studio,
1240 1923 1571 1994 tam‘flagranti
1607 1944 1767 1991 amore
1800 1928 1848 1976 in
1879 1927 2118 1978 uniuersos
2153 1911 2369 1991 homines
2396 1946 2475 1980 ex-·
2505 1934 2509 1937 “

623 2028 753 2079 tenso
785 2026 1061 2093 conspicuus
1101 2026 1188 2075 fuit
1211 2027 1236 2077 ’Β
1289 2031 1450 2091 Atque
1482 2026 1585 2085 hic,
1618 2026 1897 2086 Auditores,
1930 2028 1987 2077 ad
2020 2042 2166 2078 totam
2186 2029 2342 2088 hane,
2378 2045 2468 2094 qua

625 2142 751 2194 patet
773 2161 786 2186 ,
822 2128 1057 2176 ciuitatem
1102 2126 1393 2174 confidenter
1429 2141 1691 2190 prouocare
1727 2126 1891 2174 audeo.
1993 2127 2169 2175 Nullus
2206 2128 2325 2177 intra
2366 2127 2468 2193 haec

624 2227 799 2276 moenia
834 2225 1109 2273 constitutus
1156 2223 1220 2271 est
1259 2223 1426 2281 Ciuis,
1472 2224 1555 2286 qui
1606 2221 1885 2288 propensam
1934 2222 2054 2272 hane
2099 2225 2212 2275 Eius
2255 2227 2470 2277 volunta·

626 2337 725 2374 tem
765 2322 837 2371 vel
871 2320 970 2399 Ipse
1020 2320 1236 2387 singulari
1270 2337 1381 2370 cum
1415 2321 1568 2370 laetitia
1614 2337 1711 2369 non
1756 2321 1809 2371 sit
1854 2337 2109 2386 expertus,
2157 2325 2232 2373 vel
2276 2326 2331 2375 ab
2376 2326 2480 2391 aliis„

627 2422 903 2475 celebratam
961 2419 1013 2468 fit
1071 2418 1333 2468 admiratus,
1435 2419 1641 2486 Quoties
1694 2420 1956 2470 iucundum
2017 2423 2154 2472 nobis
2209 2425 2503 2478 exhibitumt

624 2520 712 2569 fuit
744 2519 1054 2585 spectaculum
1079 2552 1093 2577 ,
1127 2519 1344 2582 quando,
1380 2533 1522 2581 quem
1550 2519 1729 2583 paruuli
1762 2519 1973 2579 noscere,
2012 2521 2238 2571 ostentare
2264 2503 2469 2582 iuuene&

628 2617 831 2671 eundem
864 2633 1056 2684 quoque
1095 2617 1224 2671 senes
1260 2618 1470 2669 venerari
1512 2632 1556 2670 et
1585 2616 1810 2684 suspicere
1846 2618 1927 2673 Visl
1963 2618 2066 2673 sunt
2086 2637 2102 2687 3
2146 2621 2335 2687 quando
2368 2618 2466 2686 Ipse

2250 2764 2252 2766 .
2304 2721 2465 2776 hum&
2538 2727 2541 2770 ἕ
