2503 3444
699 311 806 389 *Q
886 312 1134 388 >(0)(
1213 313 1325 390 a&
1817 337 1930 391 299

235 435 407 489 XVIII.
465 433 709 501 'Quamvis
736 449 888 485 autem
914 453 998 485 nec
1023 438 1098 487 hic
1123 438 1214 503 ipse
1238 439 1493 507 Gregorius,
1528 454 1612 488 nec
1642 438 1930 508 Fredegariue

103 530 479 585 pharamundum
505 534 794 583 Francorum
824 539 996 602 iiegem
1031 551 1434 595 commemorent,
1473 537 1619 585 nolim
1653 551 1806 586 tamen
1829 540 1928 589 eius

101 632 383 680 existentiam
418 634 463 679 in
487 632 683 680 dubium
712 631 915 692 trahere3
952 633 997 681 id
1023 633 1153 697 quod
1190 636 1480 683 recentiones
1511 635 1721 683 nonnulli
1745 649 1790 683 et
1814 652 1930 701 prae-

38 754 49 762 ·
98 729 235 794 cipue
264 729 384 779 Dux
413 729 702 796 Espernonius
734 729 916 778 faciunt.
1017 730 1400 780 pharamundum
1436 746 1560 781 certe
1592 747 1694 782 ante
1728 733 1929 782 Clodio-

99 842 209 876 nem
239 827 526 876 Francorum
565 829 747 893 Regem
781 828 912 893 prisci
940 828 1228 877 constituunt
1270 830 1466 881 annales,
1563 830 1622 878 Et
1662 845 1928 894 quanquam

100 923 172 972 ine
201 927 451 992 vulgariter
475 941 614 990 caput
652 926 872 977 Historiae
897 927 936 975 F
940 928 1135 975 rancicae
1170 928 1500 985 constituatur,
1541 929 1736 977 minime
1770 942 1927 977 tamen

14 1039 27 1077 ξ·
97 1021 452 1072 existimandum
487 1023 574 1083 est,
619 1025 770 1074 nulios
800 1039 902 1074 ante
941 1025 1325 1074 pharamundum
1370 1025 1559 1074 Francis
1601 1025 1729 1074 fuiss’e
1762 1026 1929 1091 Reges⁴

97 1119 310 1170 Fuerunt
340 1123 566 1181 omnino;
602 1121 675 1171 sed
707 1123 763 1172 ad
792 1122 1048 1172 ordinanda
1087 1139 1255 1172 eorum
1290 1139 1502 1189 tempora
1538 1138 1636 1172 non
1664 1121 1930 1175 sufficientia

15 1236 19 1286 ς
96 1218 234 1268 nobis
264 1217 501 1285 sopatrum
524 1220 741 1284 praefidia.

227 1318 352 1366 XIX.
421 1319 634 1381 Antiquo
666 1320 955 1368 Francorum
979 1319 1185 1369 instituto
1219 1320 1387 1386 Reges,
1419 1318 1667 1385 suscepturi
1687 1321 1927 1387 Regnum,

96 1413 286 1479 Clypeo
305 1415 350 1462 in
374 1414 515 1463 altum
546 1416 846 1474 tollebantur,
882 1416 1053 1466 solenni
1088 1418 1174 1465 hac
1196 1419 1459 1465 ceremonia
1489 1417 1615 1481 quafi
1652 1417 1928 1483 inaugurati.

95 1511 187 1562 sed
219 1511 310 1560 hoc
345 1511 441 1577 ipso
472 1526 626 1562 tamen
660 1529 758 1562 non
780 1515 1003 1563 evertitur
1026 1515 1186 1562 unctio
1211 1513 1446 1563 Clodovei
1473 1529 1497 1563 a
1520 1514 1770 1580 Remigio,
1801 1513 1928 1563 Rhe-

97 1598 325 1659 menfium
351 1608 560 1669 Praesule,
594 1612 638 1661 S.
660 1611 917 1661 Chrismate
949 1612 1089 1672 facta3
1124 1628 1267 1676 quam
1297 1610 1459 1660 frustra
1484 1611 1673 1676 plurimi
1696 1612 1927 1662 recentio-

97 1717 172 1758 res
193 1708 414 1758 Historici
435 1722 643 1757 evertere
675 1723 914 1758 conantur.

230 1807 331 1855 XX.
398 1806 697 1857 celebratum
722 1807 831 1856 illud
854 1806 1012 1873 paffim
1037 1808 1081 1855 in
1104 1806 1453 1856 Historicorum
1477 1805 1655 1872 scriptis
1685 1806 1928 1876 Eginharti

99 1905 307 1954 illicitum
341 1921 451 1954 cum
487 1905 629 1953 Imma
664 1905 821 1956 Caroli
858 1907 929 1954 M.
963 1906 1047 1954 filia
1086 1906 1460 1964 commercium,
1500 1905 1784 1954 tradentibus
1818 1906 1928 1954 licet

99 2017 202 2051 rem
224 2002 410 2051 vetustis
434 2003 711 2066 quibusdam
747 2003 1087 2068 ScriptoribuS,
1123 2001 1380 2052 fabulosam
1406 2002 1614 2062 videtur-3
1647 2017 1783 2068 atque
1808 2002 1926 2054 adeo

296 2101 575 2167 Erpacenses
597 2101 810 2154 Comites
831 2100 991 2150 frustra
1026 2101 1261 2166 hodieque
1286 2116 1441 2167 genus
1471 2099 1602 2151 filum
1618 2101 1731 2151 inde

889 2198 1143 2248 deducunt.

752 2365 980 2494 ‘'³³13ss
1058 2364 1281 2494 Ἔαρ

900 2684 939 2740 Ρ
956 2705 988 2757 p
1022 2701 1052 2742 2
1666 2682 1930 2737 MISCEL-
