2618 3485
682 352 751 404 16
1269 341 1890 422 onxss

678 481 898 533 propago
956 477 1201 530 peteretur.
1271 468 1394 517 Viue
1438 469 1721 534 Hymenaeo
1752 471 1867 519 Tuo
1896 482 2146 519 aeternum
2182 470 2313 527 felix,
2351 475 2520 539 Augu:

677 564 917 613 stillimum
955 565 1221 615 futurorum
1254 567 1534 635 Coniugum
1561 568 1670 627 Par,
1699 585 1743 617 et
1769 567 2036 617 rariffimam
2072 569 2191 618 illam
2244 585 2516 634 temporum
2569 619 2573 622 ,

676 661 938 712 felicitatem
973 663 1345 714 reflorescentem
1387 667 1477 715 Te⁴
1508 669 1765 732 imperante
1809 667 1957 715 Gallia
1997 666 2169 726 videat,
2208 682 2258 716 vt
2292 667 2390 732 spes
2426 667 2518 716 sera

620 805 623 807 .
673 759 954 824 Nepotum,
991 778 1047 810 ex
1075 763 1276 812 thlilamo
1307 764 1555 828 aliquando
1576 766 1689 813 Tuo
1713 765 1976 830 proditura,
2012 781 2169 813 rerum
2194 765 2508 833 gerendarum

672 859 970 909 multitudine
1007 877 1205 910 omnem
1232 864 1471 912 Maiorum
1500 861 1690 912 suorum
1730 865 2007 912 memoriam
2040 862 2334 912 transcendat.
2407 864 2519 912 Sur-
2588 892 2591 898 s

614 995 617 998 Α
672 973 785 1023 gant
813 976 871 1006 ex
902 959 1121 1026 ffinguine
1143 962 1256 1010 Tuo
1282 963 1739 1029 genuiniFraneime
1766 964 1942 1029 gloriae
1976 962 2165 1019 aemuli,
2202 962 2282 1025 qui
2314 977 2406 1010 tam
2439 976 2518 1008 ex-
2588 1011 2594 1015 ,

673 1055 808 1114 celsa,
845 1074 935 1121 qua
957 1062 1047 1108 orti
1087 1061 1211 1118 lunt,
1249 1061 1636 1127 profiip'azdigni,
1675 1059 1849 1109 diffusis
1880 1062 1965 1109 late
1993 1077 2074 1124 per
2103 1060 2288 1109 Orbem
2320 1059 2517 1107 miracu·

674 1153 760 1207 lis,
800 1154 1024 1205 doceant:
1063 1159 1359 1207 Borbonium
1395 1176 1504 1207 eum
1531 1159 1779 1208 Borbonio
1818 1157 2037 1225 sanguine
2072 1158 2285 1205 iunctum
2335 1155 2518 1206 nonnifi

671 1250 906 1303 Hectoras
926 1289 938 1312 ,
973 1256 1155 1305 nonnisi
1186 1257 1476 1306 Alexandros
1505 1257 1780 1322 producere.
1846 1257 1937 1306 Sed
1975 1271 2020 1304 et
2044 1256 2120 1304 Te
2149 1255 2410 1320 praesertim
2445 1255 2514 1305 illa

673 1343 858 1415 publica
899 1356 1188 1420 populorum
1233 1357 1565 1422 gratulantium
1594 1355 1760 1421 g.1udia
1785 1354 2062 1418 respiciunt,
2099 1353 2390 1403 Sereniffime
2417 1356 2515 1402 Au-

671 1451 992 1502 relianenfium
1026 1454 1163 1507 Dux,
1201 1454 1348 1503 Orbis
1381 1454 1547 1502 Gallici
1579 1454 1754 1502 Rector
1792 1451 2136 1513 Potentiffime3
2170 1452 2271 1509 Te,
2309 1453 2516 1515 inquam,
2582 1465 2586 1469 ’

673 1550 754 1612 qui
792 1565 838 1599 et
881 1552 974 1616 ipse
1011 1569 1141 1601 nouo
1170 1554 1460 1616 arctioreque
1504 1569 1613 1600 cum
1653 1549 1874 1615 Hispania
1908 1550 2101 1597 vinculo
2140 1566 2321 1598 nouum
2367 1565 2518 1614 nuper

672 1647 821 1698 Genti
858 1651 993 1700 Tuae
1018 1650 1316 1716 splendorem
1353 1665 1489 1714 atque
1521 1651 1669 1698 robur
1692 1631 1975 1698 conciliastis
2022 1646 2281 1697 Assumitur
2314 1650 2359 1696 in
2390 1647 2516 1712 spem

672 1747 785 1795 Solii
817 1747 1056 1814 Hispanici
1084 1750 1372 1798 Sereniffima
1401 1767 1423 1796 e
1451 1749 1659 1797 thalamo‘
1675 1752 1780 1795 Tuo
1808 1747 2164 1812 Monpenseria,
2204 1760 2249 1794 et
2275 1747 2517 1812 Augustis-

674 1845 791 1896 fimo
830 1847 1120 1897 Asturiarum
1147 1848 1351 1912 principi
1392 1844 1655 1911 desponsata
1688 1845 1838 1893 reddit
1868 1843 2138 1908 Hispaniae,
2175 1843 2305 1907 quod
2342 1859 2397 1892 ex
2426 1843 2518 1892 Hi-

673 1943 823 2008 spania
877 1960 1208 1995 ornamentum
1259 1946 1426 2010 aceipit
1478 1944 1662 2003 Gallia;
1714 1942 1982 1992 laetantibus
2018 1943 2216 1990 omnino
2265 1940 2514 2005 Hesperiae

671 2043 789 2092 illius
821 2062 929 2093 orae
970 2045 1191 2109 populis,
1228 2045 1309 2107 qui
1349 2041 1562 2107 impressa
1600 2043 1732 2091 terris
1770 2040 1857 2089 suis
1907 2041 2089 2088 virtutis
2130 2038 2512 2103 fortitudinisque

672 2142 806 2191 Tuae
846 2143 1034 2208 vestigia
1075 2141 1392 2190 venerabundi
1440 2139 1677 2200 hodieque
1716 2139 2108 2201 contemplantur.
2181 2136 2398 2203 pugnasti
2431 2138 2479 2185 T
2483 2149 2546 2186 u'

673 2239 775 2288 sane
797 2241 886 2287 iam
913 2241 1026 2287 olim
1054 2237 1277 2287 consueto
1312 2251 1356 2285 et
1393 2237 1608 2285 Heroico
1631 2236 1746 2284 Tuo
1778 2235 1944 2284 ardore
1984 2252 2073 2300 pro
2120 2234 2253 2283 salute
2287 2249 2331 2283 et
2363 2235 2513 2301 gloria
2564 2216 2610 2307 ’,Ι

673 2336 915 2402 Hispaniei
941 2338 1120 2404 Regni3
1154 2337 1419 2399 relictisque
1454 2336 1503 2382 in
1543 2350 1600 2382 eo
1630 2347 1702 2382 tot
1742 2333 1986 2382 illustribus
2026 2333 2298 2398 prudentiae
2329 2333 2514 2383 bellicae

673 2418 999 2489 documentis,
1036 2434 1261 2501 praescius
1297 2433 1420 2497 quafi
1451 2432 1652 2482 fatorum
1694 2449 1792 2482 eras
1815 2467 1828 2492 ,
1867 2426 1983 2497 quae
2013 2433 2134 2481 Tuis
2166 2432 2415 2495 aliquando
2453 2446 2510 2481 ex

676 2535 884 2601 Augusta
909 2533 1436 2600 PrincipeNepotibus
1473 2530 1665 2580 sublime
1690 2520 1808 2580 ‘istud
1850 2531 2012 2580 solium
2051 2531 2140 2578 iam
2174 2545 2274 2578 tum
2319 2529 2511 2579 destina·

678 2647 850 2683 verant.
916 2635 990 2683 Sic
1038 2632 1225 2683 stabilita
1265 2638 1349 2698 per
1377 2632 1479 2694 Te,
1516 2644 1561 2680 et
1585 2630 1836 2681 inuiolabili
1865 2629 2074 2696 quodam
2111 2627 2302 2678 vinculo
2338 2627 2511 2677 confir·
2552 2611 2554 2614 ,
2605 2646 2607 2661 ³

2386 2737 2508 2776 mata
