2503 3444
82 663 265 768 ‡DE
331 686 1171 742 PYRRHON·ISMO
1242 684 1884 737 HIST’ORICO

311 790 580 824 HABITA
639 789 710 821 IN
773 784 1153 819 AVSPICIIS
1216 781 1706 837 RECTORATVS

794 866 1235 902 ACADEMIAE

648 967 826 997 ANNO
904 962 1408 1009 M’DCCXXV11155

240 1104 372 1154 raditi
402 1103 517 1152 mihi
544 1103 645 1153 sunt
666 1101 932 1153 Academiae
954 1098 1117 1157 fasces,
1154 1100 1212 1147 ita
1238 1099 1426 1147 volente
1447 1098 1639 1148 Senatus
1662 1099 1924 1150 Academici

90 1106 238 1258 T
271 1203 460 1252 decreto
481 1237 495 1262 ,
530 1202 782 1252 Auditores
819 1203 1037 1250 omnium
1070 1197 1293 1248 ordinum
1330 1195 1672 1262 splendidiffimi
1696 1231 1708 1255 ,
1743 1212 1792 1247 et
1831 1216 1924 1266 ego

87 1298 189 1349 illos
218 1300 350 1350 laetus
384 1300 576 1366 capessb.
680 1299 879 1365 Capeffo
914 1301 960 1347 in
991 1314 1041 1346 ea
1078 1295 1321 1346 Academia
1343 1329 1356 1354 ,
1392 1311 1500 1358 quae
1540 1293 1648 1343 felix
1681 1296 1923 1348 Musarum

89 1398 426 1464 Charitumque
454 1399 775 1454 domicilium3
811 1397 1072 1446 studiorum
1109 1393 1414 1459 metropolis,
1450 1392 1678 1441 doctrinae
1707 1394 1922 1458 palaestra.

0 1487 3 1535 ἶ
28 1531 31 1534 -
86 1497 140 1547 In
161 1514 210 1547 ea
230 1498 492 1557 Academia,
507 1499 554 1546 in
581 1513 671 1562 qua
700 1499 871 1546 florens
894 1512 951 1544 ex
978 1484 1200 1543 omnibus
1222 1492 1429 1557 Europae
1454 1491 1660 1556 partibus
1681 1505 1727 1541 et
1745 1494 1925 1546 erudita

0 1579 2 1588 ⁷
85 1596 313 1646 iuuentus.
383 1597 454 1646 Ex
484 1597 619 1646 altera
646 1610 773 1662 parte
795 1595 1001 1646 occurrit
1023 1592 1232 1642 muneris
1254 1590 1392 1656 ipsius
1415 1590 1677 1656 amplitudo
1706 1604 1750 1640 et
1770 1595 1922 1658 graui-

85 1706 176 1752 tas,
212 1711 318 1758 quae
341 1695 625 1744 robustiores
657 1695 907 1751 humeros,
942 1707 1102 1742 rerum
1134 1688 1678 1755 experientia-firmatos,
1715 1693 1921 1755 requirit.

83 1792 299 1841 Subleuat
331 1810 407 1841 me
428 1809 483 1862 ei}
506 1807 633 1857 parte
657 1793 805 1852 altera,
842 1790 973 1856 quod
1002 1789 1157 1857 dignis
1180 1787 1261 1837 sub
1284 1786 1554 1853 praefidibus
1568 1820 1582 1846 ,
1608 1787 1919 1854 prudentibus

82 1889 213 1938 sociis
249 1906 319 1939 res
342 1890 405 1939 est
437 1891 653 1957 gerenda.
738 1892 814 1940 Te
838 1891 964 1939 enim
996 1903 1101 1938 ante
1127 1903 1294 1936 ornnes
1325 1887 1606 1951 compellare
1637 1887 1728 1948 iam
1762 1866 1916 1949 liceat,

83 1987 279 2039 Ordinis
326 1988 468 2038 nostri
507 1989 654 2039 (decus
691 1990 1026 2054 princepsque,
1058 1984 1428 2035 Eminentiffime
1463 1984 1768 2045 Cancellarie,
1804 2002 1914 2038 cum

0 2100 2 2125 ῑ
79 2070 336 2153 Μέξζῡίᾖεο
373 2087 613 2137 illustrium
635 2087 1022 2138 Scholarcharum
1055 2085 1287 2149 Collegio.
1358 2082 1533 2132 Vestris
1564 2082 1794 2149 auspiciis,
1830 2103 1917 2136 vo-

83 2182 152 2234 bis
185 2185 525 2253 dirigentibus,
561 2182 736 2236 munus
774 2185 1040 2253 aggredior.
1142 2182 1312 2233 Vestro
1357 2180 1438 2230 sub
1478 2181 1624 2230 ductu
1673 2199 1914 2249 nunquam

76 2281 365 2345 fluctuabor3
401 2285 554 2336 vestro
583 2284 804 2351 aspirante
825 2284 1010 2344 favore,
1045 2296 1174 2332 recto
1206 2280 1389 2346 semper
1421 2280 1556 2330 cursu
1590 2279 1763 2331 feretur
1794 2286 1916 2335 Aca-

76 2379 259 2450 gdemica
289 2385 428 2433 navis.
505 2384 565 2433 Et
596 2401 682 2433 vos
710 2384 820 2432 heic·
838 2383 955 2431 mihi
986 2377 1189 2439 saluere,
1207 2380 1300 2429 fine
1323 2380 1494 2444 quibus
1523 2394 1649 2429 muta
1680 2380 1782 2429 haec
1810 2384 1913 2446 pul·

82 2480 198 2547 pita,
231 2480 353 2530 surdi
375 2483 566 2547 parietes
577 2516 590 2540 ,
626 2482 796 2532 deserta
821 2479 1038 2539 subsellia,
1072 2480 1290 2529 omnium
1315 2479 1605 2528 Facultatum
1631 2478 1912 2530 Professores

15 2387 23 2635 Ι
78 2574 337 2631 domimini.
430 2582 569 2641 VOS,
603 2581 772 2646 quibus
804 2579 1074 2632 Academiae
1113 2578 1314 2645 dignitas
1338 2610 1352 2637 ,
1396 2574 1508 2627 salus
1547 2576 1783 2627 literarum
1818 2593 1911 2628 tam
1975 2630 1988 2645 ,

17 2637 24 2780 ι
232 2663 237 2665 ’
1780 2676 1915 2725 chara

21 3036 26 3104 l

21 3126 27 3213 i

22 3228 27 3254 l

0 3221 258 3444 n*
