2618 3485
568 373 678 411 xxx
1190 351 1322 432 -Q
1403 355 1647 432 )(0)(
1726 354 1834 433 st

723 477 916 534 Diffitis
944 476 1022 536 his
1055 478 1108 534 in
1140 482 1242 537 oris
1267 499 1610 558 remotosque
1643 482 1786 557 apud
1823 498 1945 556 toto
1978 483 2107 540 orbe
2143 482 2411 544 Britannos

572 602 703 659 dum
738 604 970 660 versatur
1015 605 1488 663 SCHOEPFL
1511 608 1743 670 lNVS,
1797 610 2114 664 meritorum
2149 611 2278 666 Eius
2308 625 2414 664 non

573 728 732 784 oblita
770 730 1188 804 Argentoratus,
1227 731 1555 788 Canonicum
1589 731 1938 788 Thomanum
1973 731 2116 788 Eum
2150 732 2416 791 absentem

574 857 789 929 recipit,
828 854 1119 932 sponteque
1160 861 1393 915 currenti
1433 877 1638 915 nouum
1671 857 1941 914 stimulum
1977 857 2140 914 addit.

731 1105 843 1164 Sub
881 1108 1021 1162 Anni
1063 1105 1324 1182 sequentis
1352 1109 1559 1163 initium
1596 1099 1871 1163 Oxo'nium
1909 1104 2108 1167 inuifit,
2139 1087 2422 1161 Londitlo-

582 1243 690 1301 que
727 1247 789 1283 eo
828 1230 937 1304 ipso
981 1230 1066 1286 die
1105 1231 1230 1289 abiit
1280 1231 1584 1294 Lutetiam,
1621 1249 1730 1307 quo
1768 1231 2216 1293 CovRRAvERvs,
2255 1229 2426 1286 Lute-

579 1356 646 1409 tia
681 1353 897 1428 elapsus,
921 1356 1231 1412 Londinum
1259 1357 1476 1431 appulit.
1552 1358 1723 1414 Rediit
1755 1357 2025 1411 Lutetiam
2056 1372 2150 1428 per
2176 1354 2424 1428 Belgium

580 1480 916 1537 Austriacum
965 1485 1122 1557 eique
1158 1482 1304 1537 Maio
1340 1480 1516 1536 mense
1550 1484 1767 1537 tertium
1797 1478 2071 1542 valedixit,
2110 1478 2175 1534 ad
2209 1496 2425 1555 penates

583 1605 954 1682 carentemque
989 1611 1089 1663 iam
1122 1609 1274 1663 nimis
1311 1606 1404 1663 diu
1443 1605 1809 1680 tantisopibus
1848 1603 2166 1678 locupletato
2205 1603 2429 1660 doctore

582 1731 676 1787 suo
720 1731 1095 1797 Academiam,
1137 1732 1456 1790 desiderium
1483 1731 1560 1787 sui
1594 1731 1735 1804 larga
1779 1729 1948 1785 meffis
1987 1726 2238 1784 effusione
2278 1720 2432 1784 coin-

586 1858 921 1932 pensaturus,
966 1875 1241 1934 properat3
1282 1877 1309 1913 a
1351 1860 1496 1931 regia
1520 1854 1841 1912 Londinensi
1877 1852 2119 1908 societate
2165 1855 2216 1907 in
2252 1851 2429 1908 Socio-

587 2002 711 2040 rum
754 2002 1047 2040 numerum
1095 1982 1318 2039 adscitus
1361 1999 1494 2037 anno
1540 1981 1756 2043 eodem,
1819 1976 2175 2034 adsciscendus
2221 1977 2434 2032 biennio

589 2111 704 2184 post
733 2128 760 2164 a
781 2113 922 2183 regia
958 2126 1177 2182 quoque
1210 2106 1611 2178 Inscriptionum
1637 2103 1922 2164 Academia
1943 2099 2226 2189 Parifienfi,

745 2356 947 2429 Agitur
984 2356 1051 2409 ita
1087 2354 1399 2413 triennium,
1436 2354 1569 2409 intra
1599 2351 1746 2428 quod
1781 2350 1846 2407 de
1869 2348 2132 2424 Apotheofi
2155 2346 2249 2404 ‘seu
2281 2342 2436 2423 coafi-

598 2483 814 2537 cra’ttz'owe
851 2479 1228 2554 Imperatorum
1256 2496 1614 2538 mmmm-um,
1656 2476 1723 2534 de
1751 2476 2051 2547 thrgzmdia
2093 2473 2240 2528 cis-et
2266 2486 2436 2528 trams-

604 2609 820 2668 Izmwm,
862 2606 928 2662 de
955 2603 1120 2683 sacris
1169 2604 1359 2661 Galliae
1409 2605 1607 2675 Regum
1639 2605 1696 2658 in
1742 2601 2005 2657 Orientem
2043 2593 2440 2672 expeditionibus

2369 2714 2441 2776 sat
