2567 3470
646 319 722 377 10
1257 314 1368 392 *aa
1447 260 1694 390 ><0><
1771 317 1883 393 aa·

2458 244 2463 250 ’
2523 311 2528 425 ι

645 437 751 487 cisci
772 450 817 487 et
844 436 967 486 curis
988 452 1081 503 pro
1111 434 1247 487 salute
1279 439 1462 503 publica
1496 438 1788 506 suscipiendis
1813 441 2009 507 propius
2038 439 2279 490 admoueri
2314 440 2483 510 incipe⁴⁴
2541 457 2550 474 ¹

645 550 728 585 ret.
797 535 1106 585 Fortitudinis
1139 535 1330 600 quidem
1362 536 1453 587 suae
1482 540 1708 605 principia
1743 538 2158 597 Dalmaticobello
2192 539 2374 589 abunde
2404 539 2485 591 de-

646 633 934 684 monstrauit.
1006 633 1141 701 Qud
1175 648 1333 684 autem
1367 652 1460 702 ego
1497 637 1723 702 principia
1757 637 1964 701 loquor?
2004 636 2281 697 Auditore83
2315 637 2486 702 princi·
2544 656 2562 681 ἰ

645 732 721 797 pia
756 731 859 781 haec
884 724 1028 781 'erant
1062 733 1337 783 Germanici
1377 748 1421 783 et
1463 751 1573 783 cum
1613 751 1901 802 magnorum
1945 735 2167 786 Heroum
2208 733 2486 787 facinoribus
2544 762 2564 784 .‹

644 829 983 895 comparanda3
1019 831 1243 896 principia
1275 833 1479 891 iuuenis,
1515 847 1623 897 quae
1655 834 1734 882 vix
1763 833 1897 898 pauci
1924 848 2137 882 meruere
2167 831 2322 893 senes;
2358 833 2486 898 prin-

645 928 790 993 cipia,
815 944 921 992 quae
945 928 1200 978 Alexandri
1224 929 1383 978 videre
1403 931 1519 979 dum
1544 929 1795 989 dificerent,
1824 929 2066 997 Scipiones
2094 929 2321 997 optaffent
2340 929 2486 982 facere

644 1026 764 1075 dum
786 1025 1024 1075 docerent.
1095 1027 1408 1076 Germanicus
1431 1029 1583 1093 itaque
1617 1043 1745 1078 tanto
1773 1029 1896 1078 bello
1925 1028 2212 1094 perficiendo
2241 1027 2486 1080 destinatus
2549 1053 2555 1077 ι

645 1122 801 1173 hostes
823 1139 940 1173 mox
970 1123 1148 1173 summa
1182 1124 1450 1175 dexteritate
1486 1126 1692 1192 repressit
1713 1140 1757 1176 et
1792 1128 1995 1194 egregiis
2032 1128 2344 1190 maximisque
2375 1120 2501 1192 pru-'⁵

644 1221 817 1270 dentiae
840 1221 1046 1271 militaris
1080 1236 1218 1286 atque
1247 1223 1484 1272 industriae
1519 1224 1654 1274 editis
1692 1224 2045 1290 speciminibus,
2082 1223 2334 1275 commistis
2363 1241 2488 1290 prm·

2550 1246 2556 1269 ¹

643 1320 714 1369 liis
737 1353 750 1378 ,
784 1321 1060 1387 expugnatis
1100 1321 1281 1371 arcibus
1313 1320 1466 1371 effecit
1487 1356 1501 1381 ,
1537 1336 1588 1372 ut
1623 1324 1847 1373 Dalmatia
1882 1339 1992 1372 cum
2032 1322 2270 1372 Pannonia
2317 1323 2496 1388 partim·
2551 1339 2554 1370 1

644 1417 768 1468 bello
780 1451 793 1476 ,
829 1419 997 1482 partim
1021 1418 1300 1477 foederibuS,
1336 1419 1391 1468 ad
1418 1423 1654 1470 Romanos
1684 1421 1879 1479 rediret,
1915 1436 2178 1486 eorumque
2213 1421 2487 1485 Imperium,

645 1514 780 1581 quod
816 1529 946 1565 antea
979 1503 1172 1580 superbe
1208 1515 1571 1576 detrectauerat,
1607 1517 1934 1568 venerabunda
1963 1517 2269 1585 agnosceret,
2304 1517 2487 1584 visaque
2550 1542 2561 1566 „-

646 1630 766 1679 pene
795 1612 927 1662 fimul
951 1626 995 1662 et
1021 1614 1142 1662 victa
1169 1613 1277 1663 esset
1305 1615 1542 1664 Dalmatia.
1613 1615 1803 1681 Quanta
1835 1616 1961 1675 haec,
1998 1615 2280 1676 Auditores,
2316 1618 2485 1685 Augu-

645 1711 717 1761 sto
755 1713 939 1776 totique
977 1712 1196 1761 Romano
1233 1712 1437 1776 Imperio
1481 1713 1835 1778 congratulandi
1876 1716 2064 1764 materia
2093 1748 2106 1774 ,
2141 1730 2250 1779 quae
2282 1715 2484 1781 auguria,

648 1825 758 1874 quae
780 1809 951 1858 futurae
973 1810 1310 1876 magnitudinis
1346 1824 1390 1859 et
1412 1809 1636 1860 felicitatis
1664 1813 1847 1870 omina,
1884 1829 1994 1861 curn
2018 1812 2066 1861 in
2093 1812 2262 1862 iuuene
2283 1812 2339 1864 ad
2360 1810 2490 1878 spem
2560 1828 2567 1863 2

647 1908 838 1973 Imperii
861 1920 969 1957 nato
1001 1924 1093 1957 tam
1119 1908 1300 1957 illustria
1331 1909 1567 1967 tirocinia,
1605 1923 1698 1959 tam
1733 1909 1956 1976 stupenda
1981 1926 2139 1960 rerum
2175 1911 2486 1978 gerendarum
2564 1928 2567 1931 ·

647 2005 907 2071 primordia
940 2005 1334 2072 conspicerentur.
1424 2007 1768 2073 Triumph‘abas
1806 2023 1908 2057 tum
1943 2009 2114 2058 victrix
2154 2010 2341 2069 Roma,
2376 2025 2485 2079 cum

648 2104 912 2169 gloriareris
944 2103 1003 2153 de
1026 2118 1109 2153 tuo
1139 2105 1398 2154 iuuentutis
1435 2105 1677 2171 Principe,
1709 2107 1790 2154 sub
1819 2107 1950 2155 cuius
1979 2107 2273 2171 prouidentia
2300 2122 2346 2157 et
2377 2119 2483 2158 con·-

648 2199 747 2249 filio
778 2215 873 2250 tuta
901 2200 1184 2265 quiesceret;
1220 2202 1299 2250 sub
1322 2203 1454 2250 cuius
1476 2204 1770 2266 protectione
1791 2202 2148 2253 fortiffimorum
2179 2204 2383 2256 hostium
2413 2205 2490 2257 itt-2
2549 2208 2554 2210 ’

649 2295 790 2346 fultus
815 2297 1070 2362 repreffura
1099 2298 1227 2347 orbis
1248 2299 1507 2363 Imperium
1545 2299 1808 2364 capefferes.
1873 2303 2058 2351 Verum
2088 2316 2209 2353 tanta
2239 2301 2485 2370 praestitist

650 2395 877 2461 exiguum
906 2395 1151 2446 videbatur
1177 2397 1394 2446 Maximo
1420 2398 1571 2448 Heroi
1593 2432 1606 2456 2
1643 2398 1724 2447 nisi
1755 2416 1924 2466 magna
1956 2416 2068 2450 cum
2099 2402 2276 2466 impleti
2316 2401 2490 2453 ominis
2556 2416 2559 2417 ’

650 2495 865 2544 felicitate
895 2493 1044 2543 indies
1085 2496 1260 2544 maiora
1299 2495 1543 2560 praestaret.
1632 2499 1706 2546 Ac
1739 2498 1890 2547 voluit
1925 2513 2050 2549 certe
2089 2501 2235 2550 virtus
2263 2497 2484 2564 quicquid

654 2594 838 2658 magni,
875 2592 1102 2659 quicquid
1130 2594 1314 2668 eximii,
1347 2594 1573 2661 quicquid
1611 2596 1796 2664 roboris
1817 2596 2003 2659 habuit,
2036 2597 2146 2651 huic
2169 2599 2250 2650 uni
2273 2599 2484 2657 obiicere,

2361 2708 2557 2759 .121Ἰ
