2503 3444
684 590 1276 636 PANEGYRICVS

430 686 482 755 L
535 686 590 754 v
646 665 714 752 D
767 685 833 753 o
881 686 944 753 v
996 684 1022 749 1
1075 683 1136 751 c
1187 679 1259 750 o
1355 679 1422 750 x
1473 685 1557 763 ,V-

536 809 751 860 REGIIS
785 806 1166 858 NATALIBVS
1203 805 1448 856 DlCTVS

754 922 882 951 ANNO
912 921 1241 950 MDCCXXXVII.

33 1007 34 1023 ἶ
165 1030 247 1080 atis
289 1029 479 1080 humani
519 1030 748 1096 sanguinis
780 1027 982 1087 Vistula,
1018 1027 1424 1086 Padus,·Rhenus
1456 1038 1501 1074 et
1535 1023 1727 1075 Mosella
1760 1025 1916 1076 hause·
1956 1014 1958 1016 i

77 1033 163 1189 S
200 1144 307 1177 runt
319 1147 331 1190 3
364 1128 614 1178 Auditores
647 1129 865 1182 omnium
888 1127 1132 1178 Ordinum
1156 1140 1201 1175 et
1234 1125 1516 1192 dignitatum
1550 1123 1910 1189 splendidissimi.

79 1228 190 1278 Satis
214 1227 259 1275 in
283 1225 472 1277 miseros
496 1227 710 1275 mortales
736 1226 906 1291 impius
930 1225 1136 1274 Bellonae
1167 1224 1388 1292 graffatus
1420 1222 1484 1272 est
1516 1223 1667 1275 furor.
1768 1227 1913 1272 Aurea

36 1346 38 1397 fi
77 1325 199 1391 pacis
230 1325 315 1374 lilia
349 1325 615 1374 victricibus
649 1325 751 1372 belli
786 1324 948 1388 palmis
980 1323 1253 1384 succedunt3
1289 1323 1499 1372 ardentes
1522 1321 1761 1371 Discordia
1794 1322 1914 1372 faces

79 1421 135 1472 ad
157 1423 378 1487 Sequanae
402 1437 445 1471 et
469 1422 671 1475 Danubii
695 1423 816 1486 ripas
840 1435 1043 1471 tremens
1076 1435 1120 1470 et
1149 1419 1500 1488 indignabunda
1531 1420 1742 1469 extinxit.
1806 1421 1913 1470 Stu-

79 1534 155 1587 pet
178 1499 307 1571 Mars
331 1520 473 1570 saeuus
495 1534 540 1570 et
562 1522 821 1586 impotens,
859 1521 1044 1585 proiicit
1079 1518 1222 1569 hastas
1255 1531 1300 1568 et
1323 1519 1540 1584 clypeos,
1575 1518 1807 1582 rebusque
1839 1518 1916 1568 de-

75 1616 259 1683 speratis
282 1620 328 1668 in
351 1619 488 1668 alium
515 1619 554 1668 se
578 1619 744 1668 orbem
768 1619 994 1684 fugitiuus
1017 1619 1208 1684 recepit.
1278 1616 1417 1666 Redit
1451 1634 1474 1666 a
1498 1617 1699 1666 biennali
1722 1633 1914 1667 reuoca-

76 1729 119 1766 ta
142 1717 277 1765 exilio
302 1717 450 1766 hilaris
473 1717 859 1782 triumphansque
882 1716 1177 1774 Concordia,
1213 1731 1257 1766 et
1288 1716 1532 1782 pristinum
1566 1717 1687 1765 inter
1710 1717 1914 1782 populos

73 1813 346 1864 christIanos
369 1815 531 1863 solium
555 1813 757 1864 sublimis
779 1815 1064 1875 conscendit,
1133 1813 1401 1873 Feliciffima
1424 1831 1583 1863 rerum
1605 1814 1916 1865 humanarum

70 1909 410 1971 commutatio,
447 1912 726 1973 Auditores;
756 1913 925 1979 digna,
963 1929 1069 1976 quae
1103 1913 1457 1979 magnanimum
1489 1913 1699 1962 Franciae
1721 1914 1916 1962 Antoni-

75 2025 195 2059 num
219 2010 433 2077 agnoscat
456 2025 708 2061 auctorem.
775 2011 943 2059 Tuum
965 2027 1086 2076 opus
1109 2010 1172 2059 est
1204 2010 1296 2059 hoc
1328 2025 1450 2074 opus
1482 1996 1725 2067 diuinum,
1755 2010 1916 2060 Ludo-

75 2108 181 2160 vice
210 2124 380 2175 regum
414 2110 777 2174 principumque
809 2107 1089 2162 fiinctiffime.
1179 2109 1262 2157 Tu
1306 2108 1510 2156 numinis
1543 2109 1592 2155 in
1624 2109 1756 2156 terris
1791 2110 1915 2160 vices

74 2207 284 2257 mortalis
305 2223 515 2266 exerces,
551 2223 595 2256 et
619 2206 880 2265 summum,
915 2207 1045 2271 quod
1070 2205 1341 2256 mortalibus
1373 2205 1530 2255 diuina
1550 2209 1756 2271 potentia
1778 2206 1916 2274 largi-

0 2330 23 2357 't
78 2316 182 2363 tur,
216 2305 490 2355 beneficium
525 2307 773 2372 impertiris
806 2307 1026 2371 Europae.
1093 2304 1451 2372 Supergrederis
1498 2319 1589 2354 tam
1622 2306 1818 2371 augusto
1852 2305 1917 2363 fa-

81 2403 243 2451 cinore
272 2403 431 2452 Tuam
463 2404 600 2469 ipsius
633 2406 831 2471 gloriam
855 2438 868 2463 ,
912 2405 1123 2453 Maxime
1155 2406 1315 2454 Heros
1339 2438 1352 2463 ,
1397 2419 1442 2453 et
1476 2404 1588 2452 nibil
1621 2403 1916 2467 {equentibus

23 2537 26 2542 ι
79 2502 212 2551 annis
257 2501 499 2565 relinquis,
535 2520 632 2566 quo
679 2505 903 2552 maiorem
939 2502 1061 2567 apud
1107 2503 1317 2567 posteros
1357 2502 1470 2551 Tibi
1515 2501 1685 2550 famam
1721 2517 1912 2565 parares.

79 2597 312 2650 Gratulati
342 2600 457 2650 Tibi
488 2600 893 2662 sumus-victorias
926 2614 974 2651 et
1004 2599 1252 2669 prosperos
1284 2616 1526 2652 armorum
1556 2598 1780 2653 successus
1791 2633 1805 2658 ,
1839 2598 1915 2649 sed

1747 2710 1915 2749 omnes
