2529 3434
693 315 802 393 Q
880 314 1124 388 ><ο><
1200 313 1311 390 ὥθ’
1542 367 1569 372 -
1815 334 1921 390 155

76 446 254 499 beilum
278 441 424 494 Musis
447 440 668 491 indiceret
689 439 916 488 Francia?
942 440 989 487 in
1011 440 1142 486 cuius
1163 438 1307 504 Regia
1331 439 1441 488 totis
1466 438 1555 488 iam
1580 439 1737 489 seculis
1761 453 1925 506 regnat

82 547 266 610 Apollo,
329 543 420 591 Sed
464 557 508 589 et
541 541 750 589 vnanimi
789 538 993 601 denique
1029 555 1148 585 voce
1182 538 1442 603 loquuntur
1478 556 1645 588 omnes
1685 539 1924 590 hostilzum

83 646 333 710 regionum
355 642 544 698 incolae,
580 639 659 687 sub
693 637 899 686 hostibus
929 639 1030 685 sane
1064 639 1248 686 ‘francis
1280 638 1438 685 mitius
1470 636 1637 695 habiti,
1673 655 1813 701 quam
1844 636 1926 688 sub

79 743 330 794 Germanis
364 743 537 789 amicis.
607 737 684 786 Ad
727 735 993 785 seruandam
1034 737 1340 790 Germaniam
1373 735 1536 786 Gallos
1568 736 1797 785 aduenisse
1825 754 1926 787 cre-

82 840 240 899 deres,
283 840 340 890 ad
380 837 667 905 perdendam
702 838 983 886 Germanos.
1053 835 1179 903 Quis
1211 850 1318 884 tuus
1351 836 1472 883 inter
1502 847 1624 884 tanta
1655 836 1924 887 vicinorum

0 918 17 975 '¹-
81 939 282 1006 pericula
329 937 477 987 sensus
514 951 632 994 erat,
669 935 875 985 fidiffi11.a
915 936 1037 1002 Regi
1072 951 1178 993 tuo,
1216 936 1421 984 militaris
1452 933 1626 983 AJsatia.
1695 934 1798 992 Te,
1833 935 1924 995 Te,

41 1101 44 1104 ῃ
78 1037 290 1094 Γι·εῑηςὶ,ςί
328 1037 486 1105 Regni
522 1037 742 1084 inuictam
781 1034 1055 1088 custodem,
1092 1035 1438 1083 innumerabilis
1471 1014 1699 1091 hostium]
1738 1033 1923 1097 qualem

48 1163 49 1166 =
80 1152 165 1203 per
198 1150 269 1185 tot
305 1135 446 1185 secula
468 1136 662 1185 Rhenus
694 1134 816 1183 haud
855 1134 1061 1192 viderat,
1097 1135 1262 1199 petiuit
1282 1135 1533 1182 exercitus.
1603 1132 1825 1198 Quintus
1858 1131 1924 1181 fe·

8 1231 9 1236 ¹
81 1233 414 1285 rociffirnarum
444 1235 686 1301 legionum
719 1233 1020 1298 vndiquaque
1050 1232 1325 1282 concursus!
1363 1247 1475 1296 quas
1506 1231 1718 1280 concitus
1739 1230 1921 1280 sedibus

6 1373 10 1379 .
81 1332 168 1383 suis
196 1337 350 1383 Eurus
379 1348 424 1382 et
449 1334 621 1382 Boreas
658 1348 715 1380 ex
736 1333 1048 1381 remotissimis
1080 1333 1259 1398 angulis
1295 1330 1457 1380 co‘ntra
1496 1344 1540 1378 te
1571 1330 1779 1378 certatim
1805 1329 1922 1377 emi-

0 1455 6 1480 i
83 1431 241 1483 ierant.
310 1431 672 1480 Memorabilem
693 1431 814 1478 illam
846 1431 1062 1496 gentium
1085 1430 1416 1496 migrationem
1443 1416 1607 1478 nostris
1630 1427 1923 1492 temporibus

10 1560 21 1580 4
82 1529 290 1580 reuixiss'e
320 1529 545 1595 putaffeS,
579 1547 668 1593 qua
701 1529 935 1587 Hunnus,
968 1529 1236 1588 Vandalus,
1283 1528 1504 1586 Gothus,
1541 1528 1714 1578 Alanus
1749 1525 1922 1577 funesta

4 1630 18 1694 Ἀ
82 1628 315 1679 Rhenanis
347 1630 558 1678 litoribus
589 1645 713 1677 arma
741 1629 1001 1677 intulerant.
1069 1630 1134 1677 At
1169 1642 1347 1692 quanto
1376 1641 1420 1676 et
1441 1643 1581 1691 quam
1618 1626 1923 1693 magnanimo

10 1765 13 1769 .
83 1727 267 1776 vindice
305 1743 357 1776 tu
391 1728 519 1776 illaesa
549 1727 752 1792 semper,
785 1728 1033 1778 incolumis
1062 1741 1108 1776 et
1137 1727 1420 1776 inuulnerata
1453 1725 1618 1775 stetisti.
1712 1725 1923 1776 Centum

14 1857 19 1870 ,
83 1826 221 1873 millia
271 1824 464 1873 fortium
517 1826 729 1873 virorum
787 1828 834 1873 in
873 1825 1138 1889 praesidium
1180 1841 1316 1874 tuum
1346 1825 1619 1874 Ludouicus
1662 1823 1922 1874 transmifit.

13 1925 22 1950 ²
81 1924 164 1972 His
198 1937 246 1972 tu
288 1925 409 1972 veris
444 1922 639 1986 fidisque
673 1921 987 1972 defensoribus
1017 1924 1132 1980 tuis,
1168 1924 1286 1971 inter
1324 1922 1507 1972 medios
1536 1923 1701 1972 Martis
1737 1921 1920 1971 furores

11 2034 20 2044 ⁴
83 2021 272 2080 intacta,
306 2023 524 2070 omnium
550 2039 706 2070 rerum
732 2020 1006 2076 abundantia
1038 2020 1169 2078 felix,
1204 2019 1431 2085 ipsisque,
1468 2019 1550 2083 qui
1581 2037 1604 2069 a
1636 2020 1754 2068 bello
1788 2019 1923 2068 absti-

85 2133 300 2178 nuerant,
333 2121 521 2186 populis
551 2121 713 2168 vicinis
737 2120 911 2168 felicior
933 2118 1129 2185 agitasti:
1167 2119 1353 2185 But-gio
1384 2135 1574 2182 quoque
1601 2118 1798 2166 Praefide
1835 2132 1918 2168 tuo

86 2230 179 2268 tuta
202 2231 248 2267 et
278 2217 406 2272 felix,
473 2220 587 2268 Hoc
613 2233 661 2268 tu
689 2218 912 2268 custodita
940 2216 1138 2266 Palladio
1171 2215 1466 2265 validissimos
1501 2215 1681 2281 semper
1716 2216 1919 2266 hostium

86 2317 398 2366 minitantium
433 2315 616 2382 spernes
649 2333 853 2367 conatus.
922 2316 1238 2383 Resurgeretis
1268 2333 1291 2364 e
1318 2317 1506 2365 tumulis
1531 2315 1715 2374 vestris,
1752 2315 1921 2365 decan-

87 2415 162 2464 tati
188 2431 277 2463 vos
300 2416 466 2464 veteris
487 2430 532 2465 et
554 2417 750 2465 recentis
773 2416 981 2465 Franciae
1002 2416 1236 2464 Hectores
1251 2448 1263 2472 ,
1294 2431 1391 2464 orae
1423 2414 1678 2464 Rhenenfis
1705 2413 1894 2463 fulmina
1907 2431 1921 2477 3

87 2511 305 2562 vidiffetis
335 2513 719 2564 Germanici-anos
757 2514 847 2563 hos
882 2511 1113 2563 Ludouici
1144 2514 1451 2580 belligerantis
1493 2512 1746 2571 exercitus,
1782 2513 1920 2563 vestri

91 2608 307 2676 profecto
324 2614 422 2662 aeui
441 2625 535 2662 tarn
564 2613 785 2663 celebrata
819 2613 977 2663 militia
1007 2611 1113 2677 ipsis
1143 2611 1388 2664 fatentibus
1409 2611 1544 2662 vobis
1571 2611 1772 2662 velitatio
1800 2611 1919 2661 dice-

989 2712 1040 2760 U
1075 2727 1107 2762 2
1777 2725 1915 2760 retur.
