2503 3444
709 281 817 357 'Q
875 282 963 357 .)(
1001 303 1037 342 0
1078 283 1141 357 )”(
1217 283 1326 360 a&
1813 305 1922 368 τες

99 409 194 474 qui»,
205 418 297 458 tam
320 405 457 457 fidam
476 401 569 455 aliis
590 403 845 469 pastoribus
870 421 1063 470 operam
1093 421 1345 472 promptus
1368 419 1624 458 navaverat.
1693 409 1916 476 Quazen-

97 499 437 568 hemium-prae'
461 504 554 553 aliis
593 503 672 552 fibi
699 504 990 552 Schmidium
1018 506 1207 570 expetiit
1241 508 1385 554 Anno
1418 507 1644 572 vigesimo
1676 506 1828 566 sexto,
1863 521 1915 559 ut

94 602 222 653 fieris
256 601 473 666 praeesset.
564 577 794 650 Triennio
824 602 926 667 post
957 603 1414 652 Mundolshemianae
1449 618 1493 652 et
1531 605 1691 663 alteri,
1725 622 1832 669 quae
1864 605 1914 655 in

91 691 305 749 Mediana
345 701 620 766 Hausberga
659 701 927 765 colligitur,
971 700 1158 765 praeesse
1198 700 1336 749 iuffus
1376 701 1439 748 est
1481 701 1707 750 Ecclesiae.
1791 709 1913 753 Ante

71 797 325 846 -biennium
367 798 458 845 hoc
502 799 701 862 denique
740 799 946 847 unanimi
1002 799 1298 861 municipum
1329 798 1632 846 Barrensium
1676 799 1912 860 consensu,

84 895 257 943 invitus
281 897 384 944 licet
411 897 755 959 reluctansque,
794 911 988 945 vocatus
1017 899 1177 946 omnia
1211 895 1407 943 fidiffimi
1431 896 1666 945 sacrorum
1690 897 1910 948 Christia-

85 1008 256 1042 norum
281 994 483 1041 antistitis
506 997 661 1043 munia
690 993 811 1058 apud
840 1010 920 1043 eos
949 1009 1040 1043 tam
1070 997 1158 1059 pie,
1193 1010 1284 1043 tam
1311 994 1525 1042 ardenter
1549 1008 1771 1059 tantoque
1797 1013 1909 1046 cum

82 1091 184 1140 zelo
207 1106 425 1139 executus
446 1091 532 1149 est,
567 1107 618 1140 ut
639 1108 862 1156 magnum
887 1092 951 1141 sui
972 1093 1248 1141 deiiderium
1274 1092 1448 1140 ibidem
1477 1092 1725 1155 reliquerit,
1753 1111 1909 1145 mors-

25 1189 31 1227 i
85 1185 185 1252 'que
217 1192 314 1236 eius
350 1192 468 1237 inter
501 1190 697 1254 publicae
735 1190 995 1238 calamitatis
1035 1190 1316 1239 documenta
1357 1190 1413 1237 ab
1460 1190 1626 1238 iisdem
1671 1189 1905 1256 referatur,

84 1285 184 1336 Tot
215 1288 438 1352 egregiis,
475 1304 557 1351 per
577 1304 720 1335 omne
746 1288 854 1334 vitae
883 1287 974 1336 suae
996 1301 1204 1351 tempus,
1240 1288 1413 1343 divinae
1445 1288 1740 1354 benignitatis
1762 1287 1905 1353 speci-

84 1363 284 1432 minibus
328 1385 473 1433 clarus
513 1398 614 1431 tum
659 1386 872 1447 profecto
908 1400 1008 1432 eam
1052 1401 1244 1448 quoque
1289 1385 1540 1449 praesertim
1583 1401 1800 1449 expertus
1840 1386 1904 1435 est

83 1482 344 1531 Schmidius
358 1482 644 1539 noster,cum
660 1482 714 1528 ad
734 1481 1026 1546 coniugalem
1053 1481 1216 1530 statum
1241 1481 1470 1547 progredi⁴
1482 1482 1602 1531 haud
1618 1483 1904 1546 imprudenti

78 1573 269 1628 ‘confilio
291 1578 569 1627 decrevisset,
642 1581 828 1643 Accepit
854 1580 901 1626 in
922 1577 1206 1628 consortium
1229 1581 1334 1638 tori,
1359 1594 1462 1628 ante
1485 1580 1572 1629 hos
1596 1580 1770 1644 septem
1792 1597 1901 1630 curn

75 1665 278 1726 dimidio
302 1693 463 1731 annos,
486 1677 751 1740 Virginem,
785 1676 1004 1723 omnibus
1031 1693 1135 1737 quac
1165 1675 1324 1738 sexum
1351 1693 1518 1725 ornare
1546 1666 1689 1725 solent
1712 1679 1900 1728 dotibus

75 1774 395 1837 conspicuam,
425 1761 648 1828 Graitelz'z',
680 1771 811 1820 Civis
838 1787 881 1820 et
907 1773 1184 1820 Mercatoris
1214 1772 1516 1822 florentissimi
1545 1774 1699 1834 filiam,
1721 1791 1778 1824 ex
1808 1793 1900 1841 qua

77 1858 302 1927 ³Ioa7mem,
328 1870 529 1932 septimae
548 1870 699 1917 Curiae
724 1869 844 1932 apud
870 1886 954 1917 nos
977 1870 1249 1932 discipulum
1272 1872 1374 1933 (qui
1403 1873 1576 1920 utinam
1603 1873 1800 1922 abavum
1823 1874 1898 1922 ali-

75 1969 267 2033 quando
294 1967 542 2026 referretl)
578 1979 622 2014 et
646 1967 831 2014 Annam
865 1964 1158 2030 Elisabetham
1193 1965 1427 2029 hodieque
1453 1970 1663 2017 viventes
1692 1968 1894 2034 suscepit.

74 2066 428 2116 ⁴Matrimonium
467 2064 560 2112 hoc
598 2063 662 2112 ob
703 2063 886 2111 dulcem
933 2063 1265 2122 concordiam,
1299 2063 1440 2112 fidem
1462 2098 1476 2123 ,
1521 2064 1894 2126 sanctimoniam,

77 2166 338 2215 animorum
371 2163 751 2210 coniunctionem
797 2174 1105 2224 mutuamque
1148 2163 1415 2220 caritatem,
1461 2180 1550 2226 qua
1602 2165 1775 2212 coniux
1813 2164 1894 2213 sib-i

77 2263 328 2325 coniugem
369 2259 706 2323 anteponebat,
742 2259 940 2325 dignum
978 2260 1192 2324 profecto
1235 2258 1414 2318 fuerat,
1451 2275 1501 2309 ut
1538 2261 1584 2309 in
1629 2261 1892 2311 feliciffimae

75 2357 294 2406 societatis
328 2356 469 2404 abiret
500 2357 778 2420 exemplum.
866 2356 1068 2420 Qloties
1100 2358 1218 2405 inter
1252 2359 1508 2422 praecipuas
1544 2360 1766 2409 felicitatis
1800 2360 1890 2409 suae

76 2466 224 2519 partes
257 2466 542 2515 reputaverat
566 2452 824 2501 Defunctus
852 2452 1031 2511 noster,
1066 2454 1195 2517 quod
1226 2456 1454 2503 malorum
1479 2457 1761 2504 matrimonii
1794 2455 1888 2505 fere

79 2557 240 2616 expers
273 2550 562 2614 praecipuum
594 2551 700 2599 vitae
732 2551 1040 2614 laborumque
1071 2550 1275 2601 solatium
1311 2552 1358 2600 in
1387 2551 1617 2602 lectissima
1652 2553 1886 2620 Coniuge,

147 2650 153 2652 ⁷
894 2649 943 2695 U
976 2664 1004 2696 2
1825 2649 1889 2698 sui
