2503 3444
676 301 1307 380 Q)(0)(ss
1887 321 1924 373 9

70 428 243 500 glectis
275 426 559 479 intermediis
590 425 862 476 munet-ibus
883 459 896 484 ‚
933 424 1212 475 Consulatus
1243 424 1427 474 honore
1457 437 1731 490 permutata.
1798 425 1920 501 Am?

78 527 270 595 pliffime
301 542 454 576 tamen
494 526 596 575 haec
621 525 778 574 omnia
813 523 867 574 ab
905 522 1004 590 ipso
1037 524 1279 590 Augusto,
1316 524 1501 574 summo
1533 525 1610 574 illo
1645 525 1921 590 Principum

77 625 373 676 moderatore
396 639 442 675 et
466 625 703 674 excellenti
729 623 911 673 virtutis
939 639 1052 672 rarae
1077 622 1352 673 aestimatore
1381 637 1510 672 aucta
1543 637 1679 687 atque
1711 623 1917 689 superata

23 719 32 724 ’
75 721 190 773 sunt.
257 724 302 772 Is
323 724 451 772 enim
479 739 589 771 cum
610 721 798 772 subsidia
821 735 866 770 et
894 723 1183 770 munimenta
1206 721 1518 771 dominationi
1549 720 1638 769 suae
1671 736 1916 785 quaereret,

72 838 128 872 ac
149 821 207 870 de
229 820 482 871 successore
503 820 584 870 fibi
604 819 875 870 destinando
900 819 1112 869 sollicitus
1135 817 1256 878 effer,
1279 819 1553 868 Germanici
1573 819 1766 869 virtutes
1789 833 1917 870 tanto

72 919 281 983 imperio
314 919 480 986 dignas
516 919 1087 983 iudicauit3'praeualen-te
1123 933 1276 967 autem
1318 915 1696 967 Tiberii'fauore
1717 951 1731 976 ,
1763 917 1918 968 eidem

74 1014 378 1066 successorem
403 1051 415 1073 ,
454 1035 511 1066 ne
543 1032 723 1067 tantum
764 1017 1031 1082 Principem
1067 1017 1258 1081 Imperii
1290 1016 1456 1065 solium
1489 1015 1628 1066 serius
1665 1017 1917 1081 acciperet,

42 1111 329 1179 '‘destinauit.
397 1118 556 1181 Itaque
578 1116 890 1166 Germanicus
923 1133 947 1165 a
979 1116 1203 1174 Tiberim
1240 1115 1355 1164 vivo
1388 1115 1480 1164 iarn
1513 1128 1615 1164 tum
1638 1128 1683 1165 et
1719 1114 1915 1165 florente

75 1209 213 1261 huius
246 1212 339 1261 filio
361 1246 375 1271 ‚
419 1213 664 1278 adoptatus
708 1228 754 1263 et
784 1215 831 1263 in
864 1215 1132 1279 proximam
1165 1214 1357 1278 Imperii
1386 1212 1514 1278 spem
1550 1229 1661 1261 cum
1692 1214 1915 1263 omnium

75 1309 292 1376 applausu
313 1327 363 1359 ac
387 1313 707 1377 expectatione
740 1326 954 1377 receptus
976 1310 1050 1361 est.
1116 1312 1178 1362 Et
1211 1311 1331 1361 hanc
1363 1310 1559 1375 quidem
1592 1310 1825 1376 publicam
1856 1310 1916 1361 de

75 1405 121 1458 se
142 1408 317 1457 ciuium
339 1411 711 1474 expectationem
734 1408 970 1476 insigniter
988 1423 1175 1460 auxerat
1198 1409 1354 1459 Caesar
1380 1408 1549 1468 noster,
1584 1425 1695 1458 cum
1717 1425 1918 1459 uxorem

0 1564 1 1576 ἵ
76 1504 220 1556 thoro
240 1505 322 1557 suo
346 1507 593 1558 induxisset
614 1507 913 1557 illustrissimis
936 1507 1159 1557 natalibus
1180 1520 1358 1566 ortam,
1393 1523 1442 1557 ea
1473 1523 1666 1557 morum
1687 1506 1918 1559 sanctitate

76 1618 314 1664 ornatam,
348 1607 402 1656 iis
429 1606 788 1656 condecoratam
820 1605 1070 1656 virtutibus
1081 1639 1095 1665 ‚
1130 1619 1182 1656 ut
1212 1604 1302 1655 sola
1335 1607 1622 1656 ornamentis
1655 1604 1746 1657 suis
1786 1620 1915 1658 tanto

78 1705 381 1754 matrimonio
425 1705 599 1772 digna,
649 1705 855 1769 Principi
893 1704 1052 1754 nostro
1085 1705 1265 1754 coelitus
1302 1684 1484 1769 prouisa
1518 1718 1564 1754 et
1603 1704 1913 1756 reflorescenti

0 1790 2 1794 ’
78 1813 354 1867 temporum
389 1800 588 1851 felicitati
631 1801 846 1852 destinata
887 1801 1139 1852 videretur.
1239 1802 1351 1852 Erat
1388 1802 1517 1851 enim
1553 1804 1819 1868 Agrippina
1856 1819 1916 1853 ex

57 1898 433 1966 ·splendidiffima
460 1899 659 1965 Augusti
681 1899 848 1949 familia
872 1913 1130 1965 prognata3
1161 1900 1244 1964 qui
1276 1916 1377 1948 eam
1412 1915 1470 1948 ex
1494 1900 1606 1950 Iulia
1626 1914 1671 1949 et
1700 1902 1916 1966 Agrippa

80 2013 286 2064 genero,
320 1995 506 2045 summo
537 1997 614 2045 illo
638 1998 822 2047 virtutis
853 1997 1027 2046 bellicae
1057 1996 1253 2056 decore,
1288 2009 1478 2062 neptem
1501 1995 1692 2047 viderat.
1761 1997 1913 2067 Qod

82 2095 435 2157 matrimonium
460 2094 651 2144 feliciter
669 2095 943 2145 inchoatum
965 2111 1024 2145 eo
1053 2110 1163 2145 cum
1185 2093 1385 2145 successu
1415 2093 1569 2160 postea
1591 2096 1915 2148 continuatum

80 2193 172 2253 est,
190 2197 257 2256 'ut
278 2192 344 2243 ob
366 2193 532 2242 miram
562 2193 867 2244 concordiam
889 2207 935 2243 et
961 2206 1173 2244 mutuam
1202 2194 1436 2243 caritatem
1458 2192 1693 2243 rariffimae
1715 2196 1916 2246 coniun-

61 2293 252 2343 :ctionis
284 2291 554 2358 exemplum
585 2291 778 2352 sisteret,
813 2306 857 2342 et
889 2293 1153 2359 Agrippina
1184 2293 1293 2342 vitae
1327 2291 1416 2342 suae
1448 2293 1732 2360 integritate,
1768 2294 1916 2344 virtu-

68 2400 187 2442 “tum
210 2389 530 2449 sanctimonia,
564 2389 731 2441 (obolis
764 2390 1088 2451 foecunditate,
1123 2392 1464 2456 communique
1487 2392 1534 2440 in
1559 2407 1727 2451 omnes
1755 2408 1915 2442 amore

57 2487 286 2556 ‘--.publicae
325 2486 547 2538 felicitatis
584 2489 758 2556 pignus
793 2488 1051 2539 haberetur.
1134 2489 1227 2542 Sed
1268 2489 1442 2539 maiora
1481 2489 1691 2553 quotidie
1727 2490 1913 2556 populis

68 2599 313 2651 >concepta
336 2584 394 2636 de
416 2586 703 2639 Germanico
723 2585 824 2654 spes
851 2588 1135 2638 incrementa
1156 2588 1306 2655 cepit,
1342 2603 1452 2658 cum
1481 2586 1538 2638 ad
1570 2587 1683 2639 bella
1713 2588 1752 2640 is
1774 2587 1913 2655 profi-

59 2710 75 2759 ’.
108 2704 111 2706 ’
155 2683 278 2736 Pars
311 2684 375 2735 II.
742 2730 748 2733 .
1042 2684 1084 2736 B
1807 2684 1912 2738 cisci

8 2881 14 2936 l

9 2937 17 3126 i

0 3132 154 3444 t
