2503 3444
698 311 808 391 Q
884 314 1132 390 )(0)(
1203 315 1316 392 οἱ*
1808 336 1922 395 297

227 442 307 491 IX.
374 436 613 490 Diodorus
633 436 835 494 Siculus,
865 438 945 500 qui
964 438 1334 489 Themistoclem
1359 438 1556 491 Athenis
1578 441 1839 491 exulantem
1860 441 1918 492 ad

95 539 296 588 Xerxem
320 536 558 585 Persarum
583 536 762 600 Regem
789 533 950 600 fugiss'e
979 534 1105 594 dicit,
1129 553 1238 585 cum
1264 537 1576 601 Thucydide,
1602 540 1683 604 qui
1706 539 1761 588 ad
1781 540 1916 590 Arta-

92 651 280 686 xerxem
303 634 447 683 filium
470 633 664 682 demum
689 630 898 682 transiisse
923 631 1086 692 statuit,
1111 637 1299 700 egregie
1318 636 1554 685 conciliari
1583 636 1744 700 potest.

221 749 281 799 X.
350 748 613 804 Suetonius,
635 748 716 811 qui
738 744 906 796 Iudaeos
940 745 1166 813 impulfiire
1204 746 1376 810 Chresto
1410 748 1565 814 affidue
1601 749 1919 800 tumultuantes

90 848 234 898 Roma
264 843 462 912 expulfits
494 861 523 893 a
559 843 743 894 Claudio
778 844 890 893 dicit
911 847 1023 909 Cap.
1051 845 1203 894 XXV.
1229 846 1424 894 minime
1457 846 1515 894 de
1541 845 1755 905 Christo,
1787 845 1919 911 quod

91 945 362 1009 interpretes
384 942 570 1000 faeiunt,
596 941 922 1008 intelligendus
945 942 1019 990 est.

218 1057 295 1106 XI.
362 1054 613 1118 Epistolam
639 1055 812 1124 Christi
841 1054 895 1103 ad
921 1030 1178 1122 Abgarum,
1203 1055 1381 1106 Edessae
1403 1056 1667 1123 Regulum,
1698 1070 1838 1119 quam
1861 1069 1918 1104 ex

88 1154 302 1206 Archivis
325 1152 558 1202 Edeffenis
591 1153 923 1217 depromptam
953 1153 1243 1203 conservavit
1267 1169 1312 1203 et
1345 1154 1565 1203 Historia·
1593 1151 1682 1201 suae
1705 1151 1921 1201 Ecclefia-

88 1252 210 1303 sticae
234 1252 332 1301 Lib.
367 1268 401 1299 1.
424 1250 481 1301 C.
513 1267 581 1314 13·
611 1249 795 1299 inseruit
827 1249 1047 1315 Ezfi‘bius,
1069 1267 1304 1315 quamque
1332 1251 1599 1301 Guilielmus
1623 1251 1757 1308 Cave,
1779 1251 1919 1299 ratio-

22 1387 25 1418 ς
87 1350 222 1399 nibus
243 1347 467 1407 adductis,
483 1350 677 1396 minime
691 1348 986 1399 reiiciendam
1009 1347 1096 1398 esse
1121 1349 1284 1409 statuit,
1307 1351 1426 1399 inter
1446 1348 1727 1414 supposititia
1749 1347 1912 1412 scripta

21 1454 25 1507 ξ
87 1448 385 1498 collocamus.

215 1560 316 1610 XII.
385 1559 564 1608 Re¹ati0
597 1557 739 1625 Orcfii
763 1558 861 1607 Lib.
884 1575 930 1623 7.
955 1558 1072 1624 Cap.
1106 1576 1145 1617 3.
1168 1572 1213 1609 et
1234 1577 1283 1625 4.
1310 1558 1368 1609 de
1392 1559 1523 1609 Actis
1544 1557 1759 1623 passionis
1781 1556 1918 1605 Chri-

89 1657 154 1717 sti,
183 1673 206 1707 a
240 1657 385 1706 Pilato
414 1660 610 1705 Romam
641 1655 807 1713 miffis,
832 1670 875 1704 et
906 1656 1037 1719 quod
1059 1672 1116 1704 ex
1146 1658 1199 1705 iis
1218 1658 1440 1705 Tiberius
1470 1656 1526 1706 ad
1550 1657 1770 1705 Senatum
1795 1667 1917 1703 retu-

88 1731 204 1815 lerit,
237 1770 288 1804 ut
310 1754 521 1804 Christus
553 1755 670 1801 inter
702 1754 830 1803 Deos
860 1751 1121 1812 referretur,
1158 1753 1256 1803 falsa
1289 1754 1377 1815 est;
1412 1754 1626 1818 quamvis
1649 1752 1804 1801 fimilia
1827 1765 1918 1801 tra-

86 1853 196 1904 dere
219 1853 428 1903 videatur
452 1852 641 1901 maximi
665 1851 868 1900 nominis
891 1852 1265 1916 auctoritatisque
1286 1853 1501 1916 Scriptor
1533 1849 1841 1900 Tertullianus.

215 1985 341 2034 XIII.
409 1983 596 2047 lustinus
630 1982 820 2049 Martyr
852 1982 899 2030 in
932 1979 1129 2030 secunda
1169 1998 1259 2047 pro
1295 1977 1567 2032 Christianis
1598 1981 1834 2045 Apologia
1865 1991 1916 2029 ut

86 2099 186 2134 rem
220 2079 509 2130 certissimam
544 2094 727 2137 narrat,
773 2078 962 2129 statuam
995 2080 1177 2128 Simoni
1212 2081 1361 2145 Mago
1397 2083 1562 2129 Romae
1597 2077 1679 2127 sub
1713 2077 1915 2128 Claudio

88 2180 261 2233 Caeiare
299 2178 426 2227 fuiffe
457 2192 681 2235 erectam,
719 2192 828 2225 cum
854 2177 940 2226 hac
974 2177 1271 2241 inscriptione
1299 2178 1455 2227 latina:
1493 2176 1740 2227 SIMONI
1775 2174 1917 2225 DEO

85 2277 379 2333 SANCTO.
455 2275 558 2325 Sed.
578 2274 701 2324 suam
736 2275 782 2323 in
817 2275 1030 2324 Romana
1064 2276 1331 2340 antiquitate
1372 2276 1652 2339 imperitiam
1688 2273 1780 2322 hoc
1815 2270 1916 2337 ipso

89 2374 346 2432 ostendens,
372 2390 533 2438 parum
562 2354 739 2437 profuit
760 2371 906 2421 causae
931 2370 1048 2432 suae‚·
1085 2387 1195 2421 cum
1217 2389 1274 2422 ex
1296 2374 1443 2422 veteri
1465 2372 1725 2422 Gentilium
1747 2370 1913 2418 Theo-

88 2452 212 2540 logia
235 2472 426 2525 constet,
450 2471 605 2521 Deum
634 2470 873 2518 minorum
905 2469 1119 2535 gentium
1151 2471 1271 2519 inter
1299 2471 1493 2519 Sabinos
1515 2467 1642 2517 fuiffe
1673 2469 1917 2525 Semonem2

90 2584 134 2620 et
157 2571 397 2620 Romanos
427 2568 578 2619 eidem
612 2569 784 2619 Semoni
810 2568 951 2617 Sanco
977 2566 1074 2614 Deo
1100 2566 1227 2617 Fz‘dio
1250 2565 1436 2617 erexisse
1460 2567 1664 2617 statuam.

162 2684 280 2736 Pars
297 2685 359 2734 II.
973 2679 1010 2726 P
1024 2695 1056 2745 p
1792 2680 1921 2729 XIV.
