2503 3444
715 319 824 398 'Q
906 317 1154 397 )(0)(
1229 318 1339 398 ss‘
1827 340 1940 399 30⁷

108 444 340 501 Cumanae
361 444 478 496 foliis
503 441 781 501 desumtum,
805 446 1072 508 continet-<23
1106 445 1359 512 respicique
1388 447 1433 495 in
1458 463 1506 496 ea
1536 446 1590 497 ad
1615 444 1786 497 Christi
1820 449 1934 497 nati-

114 549 301 598 vitatem
332 559 389 593 ex
413 543 627 608 Virgine,
660 541 740 591 sub
769 543 973 607 Imperio
1002 545 1192 611 Augusti
1213 559 1258 594 et
1283 543 1528 595 Consulatu
1559 545 1800 603 Pollionis,
1837 545 1939 595 feli-

112 642 282 692 ciffima
318 641 471 690 stetim
505 654 717 705 tempora
752 641 997 690 allaturam.
1066 643 1191 707 Quae
1226 642 1404 708 prolixe
1443 643 1639 692 deducta
1672 644 1778 693 vide
1809 642 1933 708 apud

108 739 308 792 lsaacum
334 737 549 787 Voffium
586 739 633 786 in
655 737 735 787 suo
758 738 815 786 de
838 738 986 787 Libris
1009 740 1241 803 Sibyllinis
1262 740 1630 790 Commentario.
1665 741 1751 790 Sed
1778 740 1932 791 fictam

107 838 229 887 hanc
261 835 348 885 effe
379 836 734 900 explicationem
774 851 819 885 et
854 854 876 886 a
912 835 1037 885 sensu
1074 838 1260 904 Virgilii
1303 837 1494 886 alienam
1528 837 1654 887 facile
1686 837 1935 888 credimus.

110 934 341 987 Describit
374 934 515 984 Poeta
549 934 804 983 luxuriante
837 934 936 983 stilo
977 948 1021 983 et
1057 936 1237 999 poetica
1283 936 1638 1002 exaggeratione
1675 934 1935 986 felicitatem

111 1047 386 1098 temporum
423 1032 501 1082 sub
526 1031 764 1098 August03
800 1046 901 1081 tum
934 1033 1032 1081 laeta
1057 1034 1240 1096 quaevis
1276 1033 1511 1098 portendit
1533 1034 1751 1084 Salonino
1782 1049 1828 1085 et
1858 1050 1938 1100 pa-

111 1132 342 1189 rentibus,
377 1130 581 1180 adulatus
604 1130 687 1179 hac
709 1130 884 1179 ratione
906 1145 950 1179 et
971 1130 1139 1180 Caesari
1171 1144 1216 1179 et
1239 1130 1429 1180 Consuli
1454 1132 1667 1181 Pollioni.

245 1232 322 1280 111.
394 1229 468 1278 An
499 1227 636 1278 Getae
674 1241 718 1276 et
759 1228 912 1277 Gothi
940 1228 1148 1277 eiusdem
1188 1227 1358 1278 fuerint
1398 1243 1529 1279 ortus
1561 1243 1637 1279 aut
1666 1230 1936 1297 propaginis

114 1329 231 1378 inter
258 1325 547 1374 doctiffimos
573 1327 714 1374 Viros
735 1326 824 1375 iam
848 1326 1031 1391 pridem
1054 1326 1241 1377 diversis
1274 1326 1503 1377 sententiis
1524 1327 1825 1393 disceptatum
1854 1326 1935 1380 est.

113 1426 369 1475 Loccenius
402 1424 448 1470 in
474 1423 706 1488 Antiqztit.
779 1424 1119 1473 Sum-Gothicis
1150 1425 1194 1473 id
1223 1425 1418 1474 affirmat
1459 1426 1622 1488 aliique
1634 1443 1646 1483 ;
1679 1438 1723 1474 at
1758 1425 1932 1474 Cluve-

113 1523 211 1573 rius
232 1535 275 1572 et
305 1521 556 1578 PontanUS,
579 1519 650 1568 ille
678 1522 725 1567 in
752 1521 999 1569 Germania
1022 1522 1248 1587 Antiqua,
1277 1521 1352 1569 hic
1377 1523 1422 1569 in
1447 1521 1615 1571 Daniae
1638 1520 1939 1588 Daestrz'ptiom

114 1633 299 1687 negant,
329 1633 464 1682 atque
491 1617 774 1667 lornandem
816 1631 862 1666 et
883 1620 1107 1668 Ioannem
1133 1620 1383 1685 Magnum,
1418 1619 1499 1682 qui
1522 1621 1568 1667 in
1589 1620 1817 1670 contraria
1836 1618 1939 1669 sunt

116 1716 352 1774 sententia,
391 1715 700 1764 tumultuariae
740 1714 998 1780 scriptionis
1029 1729 1074 1764 et
1105 1717 1348 1780 imperitiae
1381 1730 1598 1782 arguunt.
1667 1718 1777 1767 Nos
1809 1729 1941 1767 utro-

115 1831 315 1879 rumque
337 1791 536 1864 rationes
560 1826 768 1862 accurate
795 1814 1106 1862 examinantes
1128 1813 1251 1863 haud
1275 1812 1521 1863 difficulter
1551 1814 1801 1873 statuimus,
1831 1815 1938 1864 Go-

116 1914 223 1963 thos
247 1930 269 1962 ιι
294 1912 430 1961 Getis
458 1910 690 1959 diversum
728 1909 856 1959 fuiss'e
885 1912 1141 1975 populum,
1175 1927 1381 1975 quorum
1415 1911 1464 1959 hi
1499 1911 1814 1976 antiquissimis
1848 1913 1939 1962 iam

117 2011 318 2060 Graeciae
350 2008 596 2057 Historicis
635 2009 772 2069 noti3
819 2009 881 2056 illi
909 2023 1026 2059 vero
1066 2009 1380 2074 Scriptoribus
1412 2008 1606 2059 demum
1640 2009 1743 2074 post
1779 2023 1940 2060 natum

117 2106 374 2159 Christum.

206 2207 218 2214 “
249 2206 333 2254 IV.
401 2202 617 2252 Termini
667 2204 1054 2269 Septentrionales
1099 2206 1282 2256 Veteris
1327 2206 1596 2257 Germaniae
1643 2224 1667 2258 a
1711 2207 1942 2272 plerisque

120 2302 432 2368 scriptoribus
459 2302 557 2350 laxe
590 2302 728 2351 nimis
764 2301 1108 2366 describuntur3
1143 2321 1252 2354 cum
1288 2306 1333 2353 in
1357 2321 1530 2371 genere
1566 2304 1785 2356 Oceanus
1818 2305 1943 2356 Get·-

82 2433 91 2441 ·
122 2403 328 2451 manicus
360 2415 384 2449 a
414 2400 683 2464 Pomponio
715 2400 841 2450 Mela
871 2415 916 2450 et
950 2401 1191 2451 Marciano
1214 2403 1492 2453 Heracleota
1530 2404 1648 2452 inter
1681 2402 1794 2453 fines
1821 2402 1943 2453 Ger-

124 2500 304 2558 maniae,
332 2514 422 2563 qua
460 2498 660 2548 Boream
699 2498 922 2547 nimirum
957 2498 1161 2564 respicit,
1195 2515 1407 2566 ponatur.
1475 2502 1659 2549 Verum
1682 2500 1835 2550 Taciti
1867 2500 1942 2550 de-

124 2594 311 2663 scriptio
339 2596 417 2647 hic
443 2595 630 2661 reliquis
652 2598 988 2650 Commentarii
1015 2598 1125 2648 loco
1153 2598 1240 2648 effe
1263 2597 1437 2665 potest,
1470 2598 1553 2663 qui
1576 2598 1823 2650 Oceanum
1846 2611 1944 2647 non

970 2695 1065 2765 (ζῆ
1102 2710 1128 2750 2
1840 2695 1947 2747 sim-
