2567 3470
0 3396 19 3462 l

582 1181 587 1183 -
653 1169 798 1204 voces
834 1168 879 1205 et
909 1155 1106 1206 lamenta
1139 1171 1196 1205 ex
1232 1156 1325 1206 hoc
1355 1156 1453 1223 ipso
1484 1157 1592 1207 Ioco
1616 1191 1630 1216 ,
1667 1157 1748 1222 qui
1779 1157 1898 1206 olim
1932 1156 2041 1206 Tua
2078 1155 2315 1222 praesentia
2352 1158 2498 1219 loems,

600 2100 604 2102 Ἴ
673 2045 769 2095 hoc
793 2046 891 2114 ipso
920 2048 968 2096 in
996 2047 1104 2098 loco
1127 2047 1371 2113 aliquoties
1401 2048 1491 2097 iam
1527 2048 1788 2098 exhibitum
1821 2046 1938 2096 mihi
1968 2046 2181 2096 fauorem
2222 2061 2268 2097 et
2298 2064 2425 2098 nunc
2459 2035 2520 2102 ἀὲ

0 2552 13 2608 ..a-g
0 290 11 2546 <cam-ffm—-QW—

636 349 713 413 4⁶
1248 336 1359 416 ’Q
1439 338 1504 413 ><
1545 294 1686 414 05<
1763 339 1874 416 aa

642 459 746 509 hacc
776 460 868 526 ipsa
897 461 1112 521 tandem,
1149 477 1291 526 quam
1319 463 1656 515 tremebundus
1688 479 1785 532 ego
1818 465 1909 514 iam
1942 461 2216 522 conscendi,
2251 458 2482 519 Cathedra
2511 474 2516 478 ”

644 559 882 624 quendam
913 560 1089 610 doloris
1122 559 1300 610 sensum
1331 563 1572 628 percipere
1605 563 1835 613 videntur.
1937 562 2069 630 Ergo
2099 563 2206 613 Tua
2238 579 2370 614 mors
2406 563 2486 616 de·
2560 608 2566 616 .

646 658 799 709 flenda
821 659 938 708 mihi
959 659 1046 720 est,
1081 661 1359 712 MAXIME
1387 662 1641 724 KVHNI;
1678 663 1811 721 Tua,
1847 662 2067 726 inquam,
2103 677 2259 722 mors,
2292 663 2373 727 qui
2396 664 2488 717 vita
2525 735 2529 737 -
2560 684 2567 716 ·.-

647 759 901 808 immortali
924 773 969 809 et
997 765 1218 826 ‘perpetua
1241 760 1413 827 dignus
1433 777 1543 811 eras.
1611 761 1744 828 Ergo
1774 761 1821 809 in
1854 759 1899 808 id
1923 759 2042 809 banc
2073 776 2270 820 vocem,
2306 760 2398 811 hoc
2420 744 2502 823 οε,Ι
2560 783 2567 811 ·.

648 856 777 907 hunc
805 859 1002 925 genium
1024 858 1254 918 formasti,
1290 873 1343 909 ut
1365 860 1436 909 illc
1460 876 1517 909 ex
1549 858 1673 908 ferali
1709 859 1802 908 hoc
1830 871 2047 924 pegmate
2082 858 2351 925 supremum
2380 861 2494 912 Tibi
2561 861 2567 911 ἕ

649 955 825 1006 diceret
859 959 988 1007 Vale.
1055 958 1188 1026 Ergo
1222 960 1271 1007 in
1295 958 1343 1007 id
1377 972 1583 1017 tantum,
1620 957 1844 1022 quicquid
1875 959 2061 1025 exiguae
2094 958 2212 1007 mihi
2245 957 2383 1008 inesse
2414 976 2511 1026 po-,
2558 939 2567 1034 ,Α

650 1055 734 1104 test
758 1055 1002 1116 facundiae,
1036 1057 1085 1106 in
1106 1073 1184 1106 me
1208 1056 1444 1117 deriuasti‚
1479 1071 1532 1108 ut
1560 1058 1677 1107 Tuo
1698 1073 1792 1124 ego
1812 1055 1966 1106 funeri
2000 1055 2225 1123 superstes
2235 1090 2248 1117 ‚
2284 1059 2502 1123 querulas

657 1269 786 1303 nunc
817 1270 934 1304 vero
966 1254 1186 1305 infaustus
1214 1255 1331 1306 mihi
1363 1254 1451 1306 effe
1484 1256 1673 1321 incipit,
1708 1253 1958 1305 semiuiuus
1991 1254 2364 1322 profunderem?
2398 1259 2502 1308 Vo-

658 1366 763 1402 cem
796 1353 912 1405 mihi
940 1353 1035 1405 fere
1067 1334 1315 1422 praecludit
1341 1354 1519 1406 doloris
1542 1355 1785 1414 acerbitas,
1823 1353 2076 1404 Auditores
2087 1371 2100 1416 3
2136 1370 2237 1404 mea
2266 1368 2420 1405 tamen
2454 1357 2503 1408 in
2556 1373 2567 1406 .1

661 1451 955 1503 Defunctum
989 1453 1132 1520 pietas
1152 1487 1165 1513 ,
1201 1468 1248 1504 et
1277 1468 1406 1521 grata
1445 1453 1742 1505 summorum
1775 1452 2115 1503 beneficiorum
2163 1455 2392 1525 memoria
2431 1450 2506 1506 vel
2531 1457 2567 1518 'i

660 1549 994 1603 balbutientem
1017 1569 1093 1602 me
1121 1553 1254 1618 loqui
1275 1552 1420 1620 cogit.
1487 1553 1590 1603 Tot
1620 1565 1774 1602 autem
1804 1552 2021 1618 praeclara
2057 1567 2166 1601 curn
2201 1553 2248 1602 in
2283 1551 2324 1602 se
2355 1556 2506 1606 conti-

665 1662 770 1698 neat
792 1650 1035 1701 KVHNII
1058 1652 1175 1711 vita,
1209 1646 1320 1702 cum
1345 1665 1501 1720 totum
1521 1652 1723 1716 aliquem
1746 1651 2041 1718 elegantioris
2072 1650 2348 1702 eruditionis
2379 1669 2513 1704 com-¹

666 1749 859 1813 plexum
888 1750 1127 1809 inuoluat,
1161 1749 1404 1808 videbitis,
1440 1765 1518 1799 me
1547 1750 1596 1800 in
1631 1749 1916 1800 delineandis
1950 1750 2154 1800 breuiter
2175 1750 2290 1802 Eius
2321 1750 2532 1804 dotibus'

669 1849 862 1897 IDEAM
890 1847 1022 1898 simul
1048 1849 1299 1898 ΜΑΧῙΜῙ
1333 1849 1659 1900 ORATORIS
1684 1847 2037 1898 delineaturum.
2106 1847 2259 1916 Qiod
2282 1848 2400 1901 dum
2421 1837 2512 1920 ego
2556 1851 2567 1921 1

671 1947 762 1996 iam
789 1946 939 1997 facere
968 1947 1246 2015 aggredior,
1282 1947 1566 2014 implorandi
1597 1947 1714 1997 mihi
1751 1946 1854 1997 estis
1864 1981 1878 2007 ,
1915 1947 2194 2007 Auditores‚
2231 1962 2282 1998 ut
2308 1936 2525 2003 vestrum?
2555 1938 2567 2008 i

672 2161 723 2196 re
748 2146 851 2213 post
872 2147 1124 2199 hominum
1147 2150 1426 2200 memoriam
1446 2145 1663 2198 rarissima
1681 2146 1867 2197 dicturo
1888 2145 2117 2212 adspirare·
2133 2162 2229 2196 non
2243 2137 2527 2212 graueminii
2560 2165 2567 2204 ι

815 2347 1000 2419 Qiodsi
1025 2350 1071 2398 in
1102 2349 1189 2399 ulla
1226 2348 1341 2407 olim
1370 2347 1606 2415 disciplina
1640 2346 1896 2398 formatum
1931 2347 2114 2397 coelitus
2142 2347 2339 2415 genium
2366 2348 2520 2414 requi·
2555 2369 2567 2395 .-

681 2448 888 2499 fiuerunt
913 2449 1081 2498 artium
1118 2451 1382 2507 DoctoreS,
1419 2448 1549 2499 illum
1581 2461 1705 2498 certe
1741 2447 1788 2496 in
1816 2445 1977 2496 futuro
2005 2445 2301 2511 Eloquentiae
2332 2447 2521 2498 alumno
2564 2466 2567 2488 ³

685 2565 829 2612 quam
862 2549 1063 2598 maxime
1098 2548 1398 2615 fiagitauere3
1449 2561 1501 2598 ut
1534 2548 1790 2597 Oratorem
1823 2561 1920 2594 non
1956 2546 2113 2594 minus
2152 2538 2294 2611 quam
2333 2546 2524 2596 poetam

2543 2586 2548 2627 l

687 2645 806 2698 nasci
831 2647 998 2698 debere
1028 2647 1236 2699 unanimi
1259 2662 1482 2714 certoque
1505 2645 1727 2701 consensu
1750 2645 1937 2697 asserere
1959 2644 2085 2696 haud
2114 2644 2380 2695 dubitarint.
2448 2641 2524 2693 Est

2404 2742 2524 2793 enim
2544 2745 2547 2800 l
