2539 3475
20 3154 28 3158 ι

45 3114 53 3475 -a-—a—.——--2v-—

664 353 777 431 ‘Q
856 353 920 427 )(
961 375 997 412 0
1036 351 1102 425 )<
1180 349 1291 426 st*
1825 369 1895 426 95

675 630 1281 676 PANEGYRICVS

348 721 1250 796 vLVDOVICO
1344 722 1534 793 XV.

529 847 743 900 REGIIS
778 845 1160 896 NATALIBVS
1196 843 1446 894 DICTVS

700 955 708 960 ‘
762 960 890 989 ANNO
916 961 981 988 MD
988 959 1185 987 ccxxxr.

71 1067 531 1234 Qiinquennalia
573 1065 807 1130 superiore
855 1083 979 1115 anno
1022 1065 1268 1114 celebrauit
1299 1063 1474 1125 Gallia3
1522 1062 1774 1117 Auditores
1813 1065 1901 1117 suis

259 1168 455 1230 quisque
522 1166 686 1233 elogiis
734 1163 1182 1221 condecoratiffimi,
1236 1162 1485 1211 Ludouico
1530 1165 1754 1230 vigente,
1808 1168 1901 1214 Lu..

57 1260 242 1312 -douico
265 1264 599 1327 triumphante.
669 1264 874 1312 Nouum
902 1262 1108 1326 principi
1135 1260 1334 1327 gloriose
1358 1264 1570 1327 regnanti
1593 1264 1813 1328 gratulata
1837 1265 1901 1314 est

69 1361 286 1418 lustrum,
320 1378 370 1409 ac
405 1363 522 1408 inter
554 1359 801 1424 prosperos
834 1377 991 1408 rerum
1032 1360 1340 1407 maximarum
1367 1358 1589 1408 successus
1626 1378 1900 1425 perpetuam

67 1460 210 1525 Regi,
233 1459 543 1507 immortalem
580 1473 730 1523 regno
762 1456 1031 1522 praesagiuit
1057 1455 1331 1515 felicitatem.
1400 1458 1570 1506 Annua
1605 1458 1747 1507 hodie
1766 1461 1901 1511 Sacra

67 1573 371 1614 temnamus,
393 1555 656 1605 Auditores.
726 1555 989 1619 propitium
1014 1555 1137 1603 votis
1157 1554 1424 1602 ardentibus
1450 1554 1534 1603 fuit
1559 1573 1734 1605 numen
1763 1575 1901 1609 aeter-

22 1686 25 1699 -,
68 1671 196 1705 num.
279 1653 376 1704 Stat
409 1652 540 1702 firma
573 1668 617 1702 et
651 1652 915 1701 inconcussa
945 1652 1083 1701 floret
1125 1651 1424 1717 potentiffimi
1460 1654 1604 1721 Regis
1644 1658 1905 1708 veneranda

4 1766 13 1795 ε
67 1751 284 1801 maiestas.
383 1751 558 1800 Crescit
592 1752 766 1817 Regius
810 1753 856 1799 in
904 1767 1109 1816 purpura
1151 1751 1307 1815 pusio,
1354 1751 1617 1816 Delphinus
1648 1756 1901 1819 Augustus.

70 1848 287 1912 Superbit
321 1863 450 1896 nouo
484 1849 600 1894 coeli
633 1863 826 1895 munere
851 1849 997 1913 Regia
1018 1848 1246 1896 Ludouici
1270 1848 1483 1908 Domus,
1519 1865 1564 1898 et
1591 1852 1784 1900 alterum
1811 1855 1904 1903 iam

69 1945 252 1994 diuinae
297 1943 616 2008 prouidentiae
649 1946 842 2010 pignus,
879 1944 1220 1993 Sereniffimum
1260 1946 1666 2010 Andegauensium
1699 1949 1904 2009 Ducem,

68 2042 110 2094 F
112 2043 286 2091 tanciae
313 2043 386 2089 vel
414 2041 518 2090 orbi
549 2042 792 2108 gratulanti
816 2040 1024 2092 ostentat.
1091 2041 1230 2090 Sedet
1252 2043 1295 2090 in
1329 2043 1498 2092 excelsa
1520 2045 1773 2096 Galliarum
1798 2066 1901 2098 arce

1113 2114 1118 2118 .
1910 2107 1929 2124 ψ

69 2140 194 2205 pacis
228 2139 426 2201 bellique
450 2156 532 2203 per
555 2139 794 2202 Europam
823 2138 1115 2197 moderator,
1152 2140 1411 2189 Mon-archa
1438 2141 1692 2206 gloriosus,
1727 2161 1772 2194 et
1794 2164 1901 2211 pro-

14 2232 18 2243 ’
68 2237 175 2294 vida
202 2254 252 2285 ac
275 2238 579 2300 imperterrita
605 2252 760 2285 mente
793 2236 1025 2301 publicam
1052 2237 1345 2301 populorum
1374 2238 1660 2289 securitatem
1697 2241 1819 2301 solus
1853 2246 1900 2294 in

71 2336 203 2383 terris
225 2335 463 2398 gubernat.
530 2336 618 2383 Vel
642 2336 838 2400 elinguis
859 2335 1037 2384 Orator
1067 2336 1112 2382 in
1146 2334 1229 2384 hac
1262 2353 1420 2385 rerum
1453 2340 1586 2402 copia
1619 2355 1663 2388 et
1697 2342 1903 2392 Vbertate

69 2431 339 2481 redderetur
368 2431 570 2481 disertus.
638 2432 772 2499 Qud
804 2434 976 2480 mirum
1010 2432 1041 2480 fi
1067 2450 1111 2480 et
1146 2449 1242 2498 ego
1274 2436 1319 2482 in
1351 2435 1471 2484 hanc
1506 2437 1791 2500 splendidam
1814 2443 1900 2505 Vi-

18 2550 21 2562 =
55 2545 235 2578 =rorum
264 2528 501 2577 illustrium
525 2532 802 2578 concionem
839 2545 959 2578 noua
981 2528 1056 2594 spe
1085 2547 1128 2579 et
1150 2531 1315 2581 fiducia
1343 2533 1643 2583 confirmatus
1675 2538 1899 2600 procedo.

69 2626 215 2693 Viget
243 2625 403 2675 eadem
433 2628 480 2676 in
502 2628 734 2678 mentibus
764 2626 923 2679 vestris
958 2628 1179 2688 alacritas,
1214 2629 1461 2680 Lectiffimi
1480 2631 1728 2696 Proceres,
1761 2653 1902 2702 gene-

1801 2730 1899 2784 rosa
1951 2732 1955 2734 ’
