2567 3470
2491 191 2497 249 l

640 331 763 385 194
1252 302 1364 382 'Q
1442 303 1688 392 ><0><
1766 304 1879 380 fir
2492 252 2497 281 ²

639 431 841 498 quitatis¹
861 427 1075 492 reliquias
1105 425 1284 477 silentio
1323 428 1632 492 praeterimus.
1722 427 1814 478 Sed
1849 440 1894 477 et
1923 426 2077 478 literas
2114 409 2281 496 ligneis
2309 432 2488 487 ‘tabulis

641 530 886 594 insculptas
915 525 1033 575 vidit
1062 524 1268 590 superius
1300 542 1472 576 aevum.
1540 525 1744 576 Lusoriae
1778 527 1865 574 illae
1888 525 2086 585 chartae,
2120 527 2176 576 ab
2204 529 2479 595 Augustanis
2519 537 2527 572 t

640 643 686 678 et
711 624 1125 692 Noribergenfium
1151 622 1415 683 artificibus,
1452 626 1551 674 imo
1575 640 1620 674 et
1641 625 1762 690 apud
1795 625 2044 673 Britannos
2067 622 2218 674 seculo
2246 627 2337 676 iam
2362 628 2483 689 XIV,
2518 632 2522 677 ὲ

639 725 868 777 confectae
892 758 904 782 ‚
939 724 1101 772 eadem
1138 723 1317 772 ratione
1359 723 1589 788 impreffae
1632 723 1855 781 fuerunt,
1905 739 1995 787 qua
2027 723 2262 772 Laurentii
2301 724 2479 777 Costeri
2516 759 2523 791 3

641 823 874 892 Speculum
903 820 1398 886 hnmanaestzlvationis,
1435 822 1490 870 ab
1515 822 1896 873 Harlemenlibus
1925 834 2047 870 tanta
2071 837 2182 870 cum
2204 838 2313 872 cura
2334 822 2482 876 custo.
2519 826 2524 833 ’

639 923 808 972 ditum.
880 921 1184 986 Moguntiam
1210 935 1327 984 ergo
1358 933 1403 967 et
1427 921 1800 988 Argentoratum
1833 921 1953 968 inter
1983 920 2041 969 de
2069 921 2288 985 genuinae
2310 899 2481 987 Typcig
2520 900 2521 903 Ἴ
2557 966 2559 969 .

639 1019 850 1088 graphice
865 1052 878 1077 ,
915 1018 1244 1080 literarumque
1264 1015 1381 1066 adeo
1405 1018 1678 1077 mobilium,
1711 1018 1804 1068 five
1827 1035 1883 1067 ex
1908 1019 2064 1084 ligno,
2102 1017 2194 1067 five
2217 1034 2273 1068 ex
2299 1007 2480 1082 metallo

639 1230 809 1267 tuetur.
879 1215 1063 1264 Bonam
1091 1213 1269 1263 causam
1304 1216 1720 1282 Argentoratenses
1754 1216 1896 1264 nostri
1920 1218 2011 1265 iam
2046 1215 2232 1281 pridem
2263 1215 2480 1267 defende-

638 1329 779 1375 runt3
817 1330 933 1363 num
962 1313 1082 1363 bene
1102 1312 1395 1363 defenderint
1420 1314 1578 1380 paucis
1609 1313 1948 1380 dispiciendum
1977 1315 2054 1365 est.

774 1510 1449 1562 GUTENBERGIUM
1499 1513 1756 1571 Italorum,
1793 1512 2043 1563 Gallorum
2070 1546 2083 1570 ,
2123 1514 2479 1583 Britannorum2
2515 1525 2536 1559 τ’

639 1609 962 1676 Hispanorum
1001 1610 1453 1674 Germanorumque
1493 1611 1694 1660 Annales
1725 1610 1931 1660 unanimi
1969 1611 2064 1661 fere
2097 1629 2217 1662 voce
2251 1612 2477 1662 declarant
2526 1640 2531 1660 ι

638 1707 1004 1776 Typographiae
1047 1720 1304 1756 auctorem.
1381 1708 1630 1757 Celebrant
1659 1708 1752 1756 hoc
1789 1726 1911 1758 anno
1944 1710 2181 1760 ambitiosa
2216 1711 2476 1762 ceremonia
2498 1744 2499 1752 κ
2520 1751 2531 1770 ·.
2564 1741 2567 1746 -

638 1809 748 1858 artis
776 1807 832 1856 ab
862 1823 920 1855 eo
942 1807 1146 1854 inventae
1172 1807 1450 1855 memoriam
1483 1807 1640 1871 plures
1672 1807 1943 1857 Germaniae
1966 1797 2294 1884 Helvetiaeque
2323 1809 2479 1862 civita-'e
2525 1824 2530 1829 “

638 1919 708 1956 tes
720 1940 734 1965 ,
773 1907 946 1973 ignarae
970 1902 1210 1969 profecto,
1245 1903 1289 1952 se
1321 1905 1393 1953 Vel
1418 1904 1576 1954 inscias
1601 1906 2066 1979 Argentoratenfium
2099 1907 2295 1958 caussam
2328 1922 2478 1976 agere,
2529 1931 2544 1949 ν

640 2019 776 2070 atquc
801 2004 1085 2053 inventionis
1107 2003 1308 2069 gloriam
1338 2005 1615 2070 Argentiuae
1638 2020 1696 2053 eo
1719 2004 1818 2069 ipso
1847 2006 2072 2054 tribucre>
2109 2006 2241 2060 quud
2270 2006 2326 2045 ad
2351 2000 2477 2046 hum-2
2498 1997 2531 2041 ·'›·

638 2119 815 2152 annum
837 2117 968 2151 tanto
996 2119 1106 2151 cum
1129 2100 1350 2151 consensu
1371 2105 1478 2145 artis
1506 2103 1711 2144 inventae
1733 2094 1923 2143 exordia
1948 2095 2168 2142 referunt.
2237 2094 2366 2143 Latet
2389 2093 2474 2154 easj

637 2198 1022 2262 Gutenbergium
1044 2195 1128 2244 illis
1150 2195 1253 2258 ipfis
1273 2193 1637 2260 Typograpbiae
1660 2191 1881 2240 nascentis
1910 2192 2232 2257 temporibus,
2265 2208 2351 2257 per
2375 2174 2474 2257 plu-J

638 2298 763 2349 rium
784 2310 1016 2346 annorum
1051 2291 1211 2341 seriem
1245 2291 1548 2357 Argentorati
1579 2287 1729 2339 aluiffe
1761 2288 2004 2348 familiam,
2039 2291 2175 2340 variis
2211 2291 2382 2341 artibus
2405 2290 2474 2339 in-

639 2393 884 2445 veniendis
908 2390 1248 2455 tractandisque
1270 2389 1442 2438 ibidem
1473 2385 1754 2445 incubuisse,
1791 2390 1926 2451 eique
1956 2388 2036 2436 fini
2065 2388 2273 2439 diversas
2294 2390 2341 2437 in
2361 2387 2472 2438 civi-

640 2508 731 2544 tate
771 2491 923 2542 nostra
955 2489 1130 2539 iniviffe
1170 2488 1440 2554 societates,
1485 2486 1696 2550 adeoque
1739 2485 1948 2535 diuturni
1990 2476 2473 2552 temporis‘incolam,

643 2592 758 2643 civis
785 2590 945 2651 instar,
981 2606 1091 2640 cum
1118 2588 1276 2640 animo
1300 2584 1629 2637 commorandi
1651 2583 1947 2636 fortunarum
1976 2583 2161 2638 suarum
2183 2585 2338 2643 sedem
2359 2587 2405 2635 in
2426 2599 2476 2634 ea
2504 2580 2533 2656 J
