2618 3485
705 344 740 404 8
1310 327 1937 414 Qssoxss

710 475 822 509 eum
860 457 1013 523 postea
1049 473 1332 526 conceptum
1370 478 1427 511 ex
1466 476 1586 512 tanta
1616 461 1826 513 felicitate
1864 463 2090 530 gaudium
2121 464 2319 519 resecare
2360 468 2543 525 diuinae

711 556 941 623 placuisset
983 559 1301 623 prouidentiae
1327 594 1340 617 ,
1399 575 1444 610 et
1493 575 1584 611 tres
1621 561 1885 627 Delphinos
1931 563 2101 614 eodem
2148 584 2272 617 anno
2310 570 2544 622 extinctos
2616 615 2618 626 A

707 656 868 705 eadem
893 656 1092 722 stuperet
1117 660 1280 719 Gallia,
1333 661 1553 710 omnium
1589 660 1712 710 oculi
1746 675 1790 711 et
1819 676 2022 722 mentes,
2070 666 2224 714 omnis
2254 668 2544 732 populorum
2617 657 2618 715 J

709 757 970 822 expectatio
1000 757 1047 806 in
1073 757 1209 808 istum
1242 759 1510 825 Principem
1544 760 1790 820 conuersa,
1836 777 1979 826 quem
2010 761 2151 812 hodie
2186 764 2232 812 in
2262 765 2416 832 Regio
2451 766 2548 816 col·
2616 757 2618 775 ¹

705 853 909 905 locatum
943 857 1071 907 Solio
1106 860 1208 907 laeti
1249 876 1542 912 veneramur.
1646 861 1897 910 Imminuta
1939 861 2131 926 quidem
2162 862 2407 913 videbatur
2432 865 2545 915 haec
2616 861 2618 888 ³

674 994 676 996 .
703 952 805 1019 spes
826 956 1033 1020 publica,
1079 975 1189 1007 cum
1218 958 1465 1009 tristissimo
1495 959 1828 1011 LVDOVICI
1861 961 2060 1027 Magni,
2096 958 2263 1010 summi
2299 963 2416 1012 illius
2442 964 2542 1012 He·
2615 944 2618 1013 l

702 1069 843 1102 roum
867 1053 1237 1121 principumque
1268 1056 1564 1118 formatoris,
1611 1059 1741 1108 obitu
1764 1092 1777 1117 ‚
1812 1059 1915 1108 Rex
1949 1072 2130 1108 tenerae
2163 1058 2350 1124 prorsus
2388 1062 2546 1113 aetatis
2616 1071 2618 1086 ¹

704 1151 936 1201 vastiilimi
959 1153 1115 1220 Regni
1150 1155 1325 1221 sceptra
1356 1172 1567 1206 recturus
1597 1157 1867 1206 videretur:
1915 1172 2025 1206 cum
2056 1157 2203 1208 Gallia
2232 1172 2302 1208 tot
2331 1158 2541 1210 victoriis
2614 1185 2617 1235 ¹1

703 1248 927 1300 hactenus
955 1252 1191 1313 innutrita,
1221 1254 1372 1305 nescio
1399 1273 1516 1320 quae
1535 1255 1711 1323 gloriae
1748 1255 1849 1306 suae
1871 1255 2180 1315 decrementa,
2233 1257 2384 1307 nescio
2410 1273 2553 1323 quam
2613 1269 2616 1287 ¹

702 1347 916 1399 fortunae
937 1351 1257 1419 catastrophen
1286 1354 1366 1403 fibi
1387 1357 1634 1405 imminere
1656 1370 1849 1421 putaret.
1889 1358 1954 1404 At
1977 1373 2105 1415 ver0,
2139 1356 2407 1419 Auditores,
2430 1357 2546 1420 quid

701 1448 852 1514 majus
889 1449 945 1500 ad
979 1451 1124 1518 Regis
1155 1452 1299 1502 nostri
1333 1451 1529 1513 famam,
1586 1453 1702 1519 quid
1742 1452 1958 1502 illustrius
2003 1452 2058 1503 ad
2105 1453 2361 1520 splendoris
2399 1454 2546 1520 Ipsius
2613 1438 2615 1483 3

700 1548 1076 1615 magnitudinem
1113 1552 1332 1601 accedere
1369 1554 1553 1618 potuit,
1603 1569 1745 1617 quam
1776 1551 1908 1616 quod
1943 1551 2104 1601 eadem
2139 1552 2326 1602 bellicae
2359 1553 2544 1604 virtutis

700 1645 892 1708 decora,
928 1649 1091 1699 eadem
1126 1650 1446 1718 triumphandi
1479 1650 1691 1711 felicitas,
1738 1651 1902 1701 eadem
1939 1653 2158 1725 gentium
2190 1666 2455 1702 exterarum
2494 1654 2542 1702 in

701 1746 900 1797 Galliam
930 1750 1167 1798 veneratio
1185 1784 1199 1810 ,
1254 1752 1307 1799 iis
1333 1750 1436 1815 ipsis
1465 1751 1740 1799 mirantibus
1764 1751 1976 1815 populis,
2012 1749 2249 1813 hodieque
2289 1750 2541 1800 subsistunt,
2610 1729 2613 1776 i

699 1843 955 1896 Audiuistis
981 1845 1220 1912 profecto>
1251 1862 1296 1897 et
1320 1865 1429 1898 cum
1462 1848 1650 1915 stupore
1673 1848 1881 1913 quodam
1908 1847 2156 1907 audiuistis,
2191 1847 2359 1898 eodem
2386 1865 2543 1899 armo·
2609 1867 2611 1906 j

701 1959 809 1992 rum
843 1943 1043 1995 successu
1069 1947 1327 1996 inualidum
1362 1949 1494 1997 annis
1522 1949 1705 2014 Regem
1740 1945 2057 2006 continuasse,
2104 1963 2219 2012 quas
2256 1946 2336 1997 sub
2372 1948 2540 2015 Augu-
2609 1964 2611 2018 j

701 2041 889 2094 stiffimo
914 2045 1100 2095 Proauo
1131 2045 1289 2096 videre
1317 2048 1543 2114 contigit,
1589 2048 1810 2097 Franci-ae
1843 2047 1998 2114 Regni
2020 2047 2249 2096 victorias.
2316 2046 2544 2112 Trepida-
2608 2053 2609 2089 ἶ

702 2157 813 2192 runt
844 2143 1108 2194 fortiffimae
1149 2158 1313 2211 gentes
1351 2145 1406 2194 ad
1441 2145 1589 2193 solum
1625 2146 1854 2194 exercitus
1888 2145 2045 2193 Gallici
2085 2143 2366 2206 aduentum3
2423 2159 2540 2194 con-
2606 2147 2609 2196 ἱ

703 2240 925 2305 quassatae
950 2242 1214 2293 vastiffimae
1235 2259 1391 2293 earum
1420 2244 1688 2309 prouinciae
1699 2260 1711 2305 3
1756 2242 2032 2292 consternati
2070 2242 2360 2309 populorum
2384 2245 2542 2303 animi,

704 2356 1003 2408 oppugnatae
1034 2341 1357 2392 munitissimae
1380 2342 1566 2392 istarum
1600 2343 1854 2410 regionum
1895 2343 2129 2401 ciuitates,
2184 2356 2229 2392 et
2256 2339 2536 2408 inspectante
2605 2334 2607 2365 ³

703 2440 955 2490 numeroso
991 2442 1172 2492 alterius
1207 2443 1346 2507 partis
1379 2442 1584 2491 exercitu
1613 2443 1661 2490 in
1697 2440 1969 2508 potestatem
2010 2439 2217 2491 redactae
2255 2439 2355 2490 satis
2384 2439 2540 2507 super·

706 2555 797 2604 que
829 2538 1119 2601 docuerunt,
1164 2540 1386 2601 eandem,
1437 2558 1556 2606 quae
1585 2542 1744 2608 priu32
1790 2540 1876 2590 esse
1903 2540 2069 2591 Gallici
2103 2540 2310 2590 nominis
2353 2538 2539 2598 famam,
2603 2559 2605 2568 Α

707 2638 937 2703 eundem,
980 2642 1063 2705 qui
1097 2641 1234 2704 olim,
1272 2642 1454 2695 virtutis
1485 2643 1525 2695 F
1526 2642 1730 2696 rancicae
1762 2654 2015 2705 terrorem,
2048 2653 2094 2693 et
2122 2654 2288 2695 verum
2320 2636 2406 2691 ess'e
2428 2634 2542 2687 illud
2603 2634 2604 2639 ’

2436 2747 2538 2788 ἴΟῖΟ
