2503 3444
657 300 767 378 *Q
845 300 1090 374 )(0)(
1167 299 1278 374 οφ·
1775 315 1888 370 157

60 430 265 483 hostibus
285 428 432 479 maior
452 438 592 489 quam
614 423 809 490 expulsis
832 422 1016 473 videris.
1082 420 1380 487 Obstupescit
1401 437 1512 470 cum
1536 420 1717 470 Batauis
1738 420 1890 471 audax

57 530 329 584 Britannus,
362 523 661 590 pacificatoris
683 523 907 589 gloriam,
946 535 1073 586 tanto
1096 520 1180 569 illis
1213 536 1322 569 cum
1346 520 1510 569 ardore
1532 519 1790 584 quaefitam7
1827 519 1885 569 ad

58 625 262 693 pristinas
285 625 332 672 in
355 624 550 673 Galliam
575 621 698 670 sedes
721 635 812 669 tam
846 619 994 669 subito
1026 598 1216 668 rediisse.
1281 618 1372 668 Sed
1406 617 1521 682 quid
1553 618 1673 666 illam
1708 617 1886 666 rediisse

53 722 194 777 dico?
229 738 334 786 quae
356 722 474 769 inter
497 698 617 784 ipsos
639 719 741 768 belli
767 718 1032 783 triumphos
1055 718 1215 766 animo
1247 715 1426 780 semper
1447 715 1563 763 Tuo
1595 716 1679 764 alte
1711 716 1887 766 insede-

54 835 145 882 ηις
187 835 296 885 quae
328 819 514 867 Tecum
548 819 594 866 in
627 819 853 867 Francico
886 815 998 865 solio
1040 816 1253 881 regsabit
1296 798 1548 863 aeternum.
1649 815 1787 862 Serus
1828 814 1886 865 ad

54 919 228 968 coelum
261 916 446 966 nauseat
480 916 774 966 Giandaeuus
806 916 877 964 ille
900 915 1050 973 Atlas,
1087 914 1168 978 qui
1199 913 1326 964 orbis
1360 913 1550 961 Tecum
1581 911 1747 961 Gallici
1779 926 1886 963 mo-

20 991 145 1109 'lem'
179 1029 271 1062 tam
303 1014 482 1063 fortiter
515 1014 864 1077 constanteique
887 1011 1051 1062 sustent
1055 1027 1112 1078 at.
1182 1012 1370 1078 Dignus
1403 1009 1490 1069 est,
1527 1023 1578 1058 vt
1608 1011 1731 1058 inter
1751 1011 1883 1061 Gen-

19 1010 170 1197 itiam
202 1112 457 1163 Christiana
440 1129 567 1161 rum
600 1110 836 1177 applausus
868 1110 959 1160 ferr
940 1127 1034 1160 eas
1067 1110 1163 1159 Iani
1198 1123 1304 1174 port
1307 1125 1352 1158 as
1386 1124 1501 1156 mox
1534 1107 1712 1157 claudat
1733 1141 1747 1166 ‚
1802 1110 1884 1173 qui

50 1306 201 1357 hostes
234 1321 418 1356 nouum
449 1324 634 1355 coronae
665 1323 814 1372 genus
835 1307 1026 1371 Europa
1059 1305 1289 1355 decernat.
1388 1305 1533 1370 Legat
1566 1304 1756 1371 vestigia
1776 1305 1883 1354 Tua

50 1405 193 1456 bellax
223 1402 442 1469 Hispania
464 1437 478 1462 ,
501 1402 750 1467 -fiiumque
790 1405 840 1469 in
872 1403 1100 1452 Barbaros
1145 1403 1364 1450 bellicum
1411 1400 1619 1450 effundat
1647 1402 1883 1458 ardorem,

48 1507 187 1570 Legat
208 1502 412 1568 prudens
444 1500 670 1567 sagaxque
692 1500 938 1559 Sabaudia‚
971 1515 1016 1549 et
1039 1500 1375 1549 communibus
1407 1497 1631 1566 fiffragiis
1664 1516 1884 1550 commu-

47 1618 156 1651 nem
181 1600 359 1666 populo
380 1599 618 1664 Europaeo
640 1578 929 1666 gratulentur
950 1601 1171 1663 quietem.
1236 1599 1297 1647 Et
1329 1599 1410 1661 qui
1443 1598 1629 1646 tandem
1660 1599 1747 1647 illae
1770 1600 1884 1651 Tibi

48 1713 142 1749 tam
174 1698 351 1747 amabili
384 1712 428 1746 et
460 1715 608 1761 aequo
642 1697 825 1762 pacifica
832 1700 922 1779 tori
955 1697 1157 1745 resistent
1178 1729 1192 1755 ,
1238 1697 1369 1744 cuius
1403 1695 1503 1744 iusti
1509 1697 1614 1745 tiam
1649 1698 1883 1762 principes

47 1811 273 1847 terrarum
299 1796 461 1860 populi
483 1809 575 1843 tam
597 1780 825 1860 generoso
849 1775 999 1859 nuper
1021 1787 1209 1858 tamque
1241 1795 1450 1844 vnanimi
1483 1795 1739 1860 probauere
1773 1813 1884 1845 con-

47 1893 185 1945 sensu.
253 1892 426 1942 Redeat
448 1892 527 1941 {ub
549 1892 753 1957 auspiciis
774 1893 894 1941 Tuis
918 1892 973 1955 ad
996 1893 1137 1941 Sarm
1130 1892 1229 1941 xtiae
1259 1906 1422 1958 gentes
1445 1892 1514 1940 illa
1537 1891 1680 1956 piisca
1700 1894 1882 1944 libeitas

48 2005 94 2042 et
116 1991 277 2041 blanda
300 1991 607 2054 tranquillitas.
675 1991 859 2056 Regnet
880 1990 927 2038 in
951 1988 1190 2038 Austrafioe
1223 2006 1377 2057 regno
1395 1990 1533 2037 Tuus
1555 1990 1698 2037 Socer
1719 1992 1882 2058 Augu-

47 2089 140 2140 stus
160 2103 205 2138 et
227 2103 360 2138 vetus
384 2089 474 2137 hoc
497 2090 703 2137 Francia?
726 2089 1061 2152 patrimonium
1073 2087 1186 2135 Tibi
1205 2086 1366 2142 tardus
1389 2087 1628 2151 relinquat.
1668 2081 1674 2086 ’
1697 2088 1880 2154 Regnet

46 2187 96 2238 in
128 2201 319 2251 Vtraque
340 2187 487 2236 Sicilia
519 2187 814 2244 Borbonius,
849 2186 897 2233 in
930 2185 1107 2251 Magna
1140 2178 1361 2234 Hetruria
1392 2185 1752 2252 Lotharingicus
1783 2186 1880 2236 fiin-

46 2286 166 2351 guis.
233 2285 401 2351 Vigeat
433 2300 477 2334 et
509 2285 720 2334 dulcibus
754 2284 1012 2350 hymenaeis
1050 2284 1326 2332 immortalis
1370 2298 1595 2349 perennet
1625 2284 1880 2336 Teutonici

48 2382 314 2431 diadematis
347 2384 517 2449 gloria,
553 2383 775 2432 Austriaca
801 2383 1004 2431 Domus.
1071 2381 1352 2431 Innumeros
1388 2398 1444 2431 ex
1468 2383 1644 2432 Generi
1678 2384 1879 2434 thalamo

47 2480 256 2545 posletos
298 2495 453 2529 cernat
484 2481 679 2530 Carolus
714 2480 865 2531 Caeffir
908 2494 1230 2545 nepotumque
1275 2495 1481 2545 nepotes.
1582 2481 1799 2529 Floreant
1830 2484 1879 2533 in

46 2578 267 2629 omnibus
299 2577 505 2643 Europae
546 2581 717 2644 palatiis
751 2596 883 2630 aurea
915 2577 1102 2644 paciferi
1135 2578 1233 2627 Tui
1267 2575 1432 2643 sceptri
1463 2591 1508 2628 et
1539 2578 1747 2628 Franciae
1777 2580 1877 2629 lilia.

49 1211 141 1260 ias
172 1210 344 1258 inuitus
375 1212 670 1273 renitensque
701 1209 948 1269 reserauit,
993 1208 1165 1275 dignus
1186 1240 1199 1265 2
1246 1208 1321 1255 cui
1353 1206 1416 1255 ob
1451 1206 1513 1254 ci
1513 1222 1574 1254 es
1607 1205 1808 1256 seruatos
1839 1222 1885 1257 et

961 2678 1011 2726 U
1041 2693 1064 2736 3
1761 2678 1875 2727 Mu·

22 2950 26 2983 ι

23 3189 27 3224 l
