2548 3464
185 571 260 654 [η
279 566 446 635 fugam
473 566 611 614 vacui
621 600 634 624 ,
679 561 800 632 quod
824 563 1008 615 horrere
1041 564 1198 614 dicunt
1233 578 1451 614 naturam
1484 579 1526 614 et
1562 566 1714 617 horret
1734 581 1920 636 praeter
1957 587 2041 618 na-

254 661 411 698 turam
433 648 661 714 typotheta
687 647 840 712 noster,
877 660 920 696 et
945 651 992 697 in
1007 650 1215 717 gratiam
1235 650 1466 697 iuniorum
1488 654 1685 699 maxime
1710 669 1767 701 ex
1792 652 1893 711 illis,
1932 669 2042 719 quo5

167 731 298 797 jorte
338 730 542 781 habituri
565 730 747 797 finnus,
803 730 1068 781 Lectoribus
1108 733 1343 798 repetimus
1382 731 1479 790 bic,
1533 745 1587 780 vt
1615 734 1826 797 stimulus
1843 735 1941 803 fint
1978 734 2044 788 ad

160 813 354 882 similem
400 812 603 871 laudem,
683 811 844 882 Elogia
891 813 1076 880 aliqua,
1140 813 1303 880 quibus
1349 830 1628 864 ornaverant
1677 815 1783 865 olim
1831 820 2040 868 juvenem

175 895 743 946 SCHOEPFLINUM
760 898 867 954 ‚viri
895 895 1038 955 docti,
1071 913 1208 965 quum
1244 900 1444 963 primum
1463 897 1716 964 procederet
1751 913 1796 949 et
1818 901 2037 965 Historia-

174 994 278 1028 rum
300 978 522 1046 Bafileae,
564 977 856 1045 Eloquentiae
877 980 1182 1049 Argentorati
1215 983 1479 1029 tirocinium
1511 981 1653 1032 ederet
1671 1018 1683 1042 ,
1721 983 2039 1047 Dtffcrtatione

174 1060 692 1128 historico-antiquaria,
702 1060 789 1125 sub
802 1062 1020 1130 praefidio
1043 1062 1224 1129 Iseliano
1259 1062 1428 1127 definisti
1450 1077 1493 1114 et
1522 1066 1764 1125 Oratione,
1800 1083 1890 1135 qua
1919 1066 2035 1115 Ger-

173 1146 400 1192 manicum
426 1141 650 1208 Caesarem
688 1143 931 1205 laudabat,
970 1145 1148 1213 publice
1178 1148 1372 1196 recitata
1384 1165 1399 1206 ‚·
1450 1152 1779 1210 maximorum,
1825 1167 1933 1217 quos
1957 1147 2035 1202 diu

174 1226 266 1277 iam
280 1224 464 1293 suspicit
488 1225 700 1279 literatus
734 1226 886 1288 Orbis,
916 1229 1216 1300 progreffituin
1231 1228 1611 1297 praecursoribus.

879 1409 940 1458 M
973 1408 1020 1460 D
1058 1412 1098 1459 C
1129 1409 1177 1461 C
1211 1410 1256 1460 X
1291 1410 1327 1460 1.

436 1523 534 1575 IO.
603 1522 1115 1583 BERNOULLI,
1184 1524 1338 1576 Math.
1408 1525 1459 1577 P.
1527 1526 1578 1577 P.
1633 1529 1763 1581 Bam.

180 1637 431 1690 Credimus
454 1638 703 1703 Ifistorias‚
740 1637 1239 1690 SCHOEPFLINE
1252 1674 1267 1699 ,
1301 1639 1589 1697 Mathemata
1618 1642 1818 1711 scimus3

304 1719 394 1772 Sed
418 1723 526 1788 quia
566 1738 653 1770 non
690 1733 868 1771 tantum
904 1721 1100 1771 credere
1122 1722 1238 1790 gesta
1254 1721 1414 1795 juvat,

173 1804 400 1853 Incertum
422 1803 598 1871 flitagis
620 1803 767 1864 firma
807 1806 982 1875 ratione
1007 1803 1215 1871 probare,

309 1882 500 1933 Credula
534 1901 589 1932 ne
603 1883 748 1948 fallat
780 1903 989 1952 coecaque
1008 1884 1138 1953 saepe
1170 1885 1302 1948 fides.

176 1967 401 2032 Hzstoriae
419 1963 566 2030 studio
598 1968 676 2032 qui
704 1967 848 2027 nostra
886 1967 1174 2016 Ivlathemata
1190 1967 1370 2038 junxit,

303 2048 443 2099 Hunc
472 2047 540 2112 effi
576 2047 850 2112 Historicum
879 2048 1028 2099 credo
1053 2049 1243 2114 scioque
1268 2047 1476 2116 probum.

376 2235 552 2287 SAM.
622 2232 1119 2285 BATTIERIVS
1188 2234 1360 2285 Graec.
1425 2235 1565 2305 Ling.
1635 2239 1688 2290 P.
1758 2240 1811 2292 Ρ.

174 2352 242 2404 Vt
266 2348 422 2400 coleres
463 2350 523 2408 Te
556 2350 644 2398 rite
676 2348 834 2407 bonas,
885 2348 1404 2411 SCHOEPFLINE,
1428 2364 1517 2421 per
1540 2366 1678 2416 artes,

307 2434 413 2485 Vna
444 2431 546 2498 fuit
564 2430 737 2500 semper
752 2429 936 2498 solaque
966 2448 1080 2480 cura
1128 2431 1230 2482 Phi
1252 2451 1268 2493 ,·

170 2517 299 2572 Hinc
328 2517 426 2580 quis
456 2518 672 2572 miretur,
708 2513 829 2581 quod
852 2531 970 2563 nunc
996 2513 1182 2583 itfignia
1207 2533 1393 2586 magnae

302 2596 448 2650 Nobis
473 2595 697 2649 doetrinae
725 2596 805 2650 das
838 2596 1098 2648 documenta
1134 2598 1297 2650 Tuae?

1045 2749 1094 2809 )<
1125 2747 1171 2812 )(
1194 2749 1239 2811 )(
1273 2766 1305 2800 2
1926 2755 2013 2807 10.
