2567 3470
668 288 778 400 ιμ’
1280 330 1391 411 *Q
1467 334 1713 412 ><0)<
1793 336 1904 414 «ιω

669 452 979 518 notabantur3
1016 456 1099 520 qui
1129 456 1176 507 id
1208 456 1283 509 sua
1311 442 1550 520 doctrina,
1585 461 1844 512 verborum
1876 477 2063 512 tumore
2084 495 2098 522 ,
2133 463 2375 516 vaniffimo
2408 462 2485 525 sen
2512 478 2521 488 ‘¹

670 569 919 619 tentiarum
971 571 1162 639 strepitu
1193 587 1238 623 et
1283 574 1472 625 ventosa
1511 576 1788 640 loquacitate
1825 575 1928 626 sunt
1970 575 2160 641 adepti,
2196 592 2247 628 ut
2268 612 2282 639 ‚
2317 572 2426 632 curn
2456 583 2522 647 ita

670 681 830 732 forum
856 699 901 734 et
926 687 1158 752 publicam
1182 706 1341 750 rerum
1371 689 1660 758 agendarum
1683 691 1836 740 lucem
1866 689 2138 756 prodirent,
2174 692 2221 741 in
2255 694 2394 745 alium
2418 684 2488 748 ter-
2513 744 2519 759 ,

671 813 830 848 rarum
858 801 1026 851 orbem
1058 802 1234 855 delatos
1261 805 1302 855 se
1335 806 1677 856 arbitrarentur.
1744 803 2009 875 Audiviss'es
2044 805 2094 854 in
2142 822 2308 858 eorum
2342 788 2525 886 scholia

672 914 795 964 varia
818 915 979 982 legum
1007 931 1053 967 et
1081 918 1399 970 institutorum
1422 920 1643 988 figmenta
1654 939 1666 984 3
1703 920 2026 986 producebant
2057 922 2103 969 in
2136 921 2317 973 scenam
2342 884 2521 976 noveiffffl

674 1042 751 1077 cas
782 1029 1015 1090 crudeles,
1052 1048 1263 1097 parentes
1303 1034 1494 1086 iniustos
1513 1069 1526 1095 ‚
1565 1035 1761 1101 perfidas
1793 1049 2010 1096 uxores?
2040 1035 2290 1087 miscebant
2321 1011 2478 1090 venen⁴

674 1141 858 1208 gladios
894 1145 1439 1217 oblinebant’sanguine.
1529 1149 1730 1201 Vidisses
1770 1153 2020 1216 Tyrannos
2063 1149 2212 1202 edicta
2253 1122 2474 1204 scribentss

678 1257 844 1321 piratas
866 1275 976 1309 cum
1000 1264 1170 1313 catenis
1204 1265 1252 1314 in
1285 1266 1440 1315 littore
1465 1265 1630 1316 stantes
1663 1278 1708 1315 et
1733 1265 1813 1315 alia
1845 1263 1892 1314 id
1921 1281 2097 1331 geum,
2134 1260 2241 1330 quae
2273 1248 2529 1331 vocabaris!

620 1430 627 1434 ἱ
679 1371 928 1442 plasmatag,
966 1379 1135 1442 quibus
1172 1352 1403 1443 iuvenum
1436 1381 1622 1449 ingenia
1654 1397 1751 1429 non
1786 1396 1953 1445 parum
1982 1381 2169 1431 excitari
2199 1354 2539 1447 credebantu‘}

680 1487 848 1556 Longe
872 1489 1048 1541 felicius
1071 1494 1121 1542 in
1153 1508 1248 1544 arte
1269 1495 1355 1545 hac
1384 1494 1641 1545 exercenda
1673 1492 1832 1544 versati
1868 1494 1970 1544 sunt
1993 1495 2266 1546 vetustiores
2290 1470 2529 1549 Romania

680 1604 763 1667 qui
789 1605 981 1655 iuvenes
1011 1607 1239 1659 Oratores
1262 1627 1404 1675 quam
1432 1611 1703 1659 maturrime
1729 1625 1786 1658 ex
1817 1609 1998 1659 umbris
2028 1610 2076 1658 in
2107 1611 2318 1676 apricum
2341 1581 2532 1677 produ}

682 1720 839 1768 centes
880 1720 937 1770 ad
968 1722 1111 1771 vitam
1148 1723 1297 1773 statim
1335 1725 1522 1774 civilem
1556 1739 1637 1773 eos
1677 1723 1940 1773 formarunt
1962 1758 1976 1784 ‚
2021 1720 2312 1791 omnemque
2352 1741 2533 1777 corun:

683 1832 871 1884 dicendi
899 1835 1162 1886 facultatem
1190 1838 1247 1888 ad
1278 1855 1559 1889 communes
1589 1852 1634 1888 et
1665 1839 1874 1889 salutares
1909 1828 2198 1904 Reipublicae
2233 1839 2337 1892 usus
2374 1835 2530 1908 applifi-

686 1963 897 1999 cuerunt.
964 1951 1026 2000 Et
1054 1969 1112 2002 ne
1138 1953 1253 2018 quid
1281 1970 1337 2003 ex
1372 1957 1529 2020 primo
1560 1955 1703 2005 aetatis
1736 1953 1903 2004 ardore
1935 1954 2131 2020 periret,
2164 1955 2239 2004 vel
2267 1947 2537 2020 praetextat

686 2064 735 2113 in
765 2065 955 2130 publico
977 2066 1095 2133 saepe
1128 2069 1283 2118 dicere
1301 2070 1472 2128 coacti,
1511 2069 1738 2120 facundiae
1758 2066 2136 2120 suae'rudimenta
2157 2069 2206 2119 in
2236 2069 2554 2130 illustriffim«

687 2178 917 2230 Romanae
948 2182 1162 2233 Civitatis
1191 2183 1507 2249 deposuerunt
1537 2186 1652 2234 luce.
1720 2185 1897 2233 Potens
1927 2184 2000 2233 ille
2023 2158 2210 2260 Tullius
2238 2184 2294 2236 ad
2318 2185 2500 2251 publica:

691 2293 859 2344 caussas
897 2309 942 2344 et
972 2298 1177 2348 actiones
1210 2299 1473 2348 minoribus
1511 2300 1601 2348 ian]
1637 2299 1768 2348 annis
1803 2297 1991 2348 accessit.
2094 2299 2298 2350 Licinius
2331 2278 2508 2362 Caluusl

2503 2363 2509 2401 l

691 2408 833 2459 Caius
859 2406 1027 2470 Caesar,
1053 2412 1235 2462 Asinius
1273 2412 1424 2462 Pollio
1451 2427 1555 2464 ante
1579 2413 1887 2478 Quaestoriam
1917 2427 2100 2464 aetatem
2127 2412 2295 2465 iudicia
2322 2406 2509 2539 suscepel
2537 2419 2539 2421 ’

694 2538 806 2573 runt
845 2525 1118 2592 gravissima.
1208 2528 1490 2580 Hortensius
1529 2528 1827 2595 undeviginti
1868 2544 2014 2578 annos
2045 2527 2194 2580 fuerat
2224 2541 2383 2589 natm,
2410 2542 2524 2616 cunJ»

694 2639 844 2704 prima
868 2642 914 2690 in
940 2641 1046 2693 foro
1068 2642 1209 2694 verba
1234 2642 1415 2693 feciffet.
1451 2645 1681 2697 Octavius
1705 2643 1945 2711 Augustus
1973 2628 2260 2695 duodecimo
2284 2643 2374 2694 iam
2397 2617 2510 2731 anntl

2360 2723 2510 2775 Iuliam
