<?xml version="1.0" encoding="UTF-8"?>
<!DOCTYPE html PUBLIC "-//W3C//DTD XHTML 1.0 Transitional//EN"
    "http://www.w3.org/TR/xhtml1/DTD/xhtml1-transitional.dtd">
<html xmlns="http://www.w3.org/1999/xhtml" xml:lang="en" lang="en">
 <head>
  <title>
</title>
<meta http-equiv="Content-Type" content="text/html;charset=utf-8" />
  <meta name='ocr-system' content='tesseract 3.04.00' />
  <meta name='ocr-capabilities' content='ocr_page ocr_carea ocr_par ocr_line ocrx_word'/>
</head>
<body>
  <div class='ocr_page' id='page_1' title='image "./operaoratoriapan00schouoft_0100.png"; bbox 0 0 2618 3485; ppageno 0'>
   <div class='ocr_carea' id='block_1_1' title="bbox 609 312 1860 399">
    <p class='ocr_par' dir='ltr' id='par_1_1' title="bbox 609 312 1860 399">
     <span class='ocr_line' id='line_1_1' title="bbox 609 312 1860 399; baseline 0.014 -20"><span class='ocrx_word' id='word_1_1' title='bbox 609 312 773 381; x_wconf 48' lang='lat' dir='ltr'>‘va‘t</span> <span class='ocrx_word' id='word_1_2' title='bbox 1242 317 1351 399; x_wconf 57' lang='lat' dir='ltr'><em>Q</em></span> <span class='ocrx_word' id='word_1_3' title='bbox 1429 321 1674 396; x_wconf 84' lang='lat'>)(0)(</span> <span class='ocrx_word' id='word_1_4' title='bbox 1748 319 1860 396; x_wconf 49' lang='grc' dir='ltr'>αρ’</span> 
     </span>
    </p>
   </div>
   <div class='ocr_carea' id='block_1_2' title="bbox 640 443 2488 2019">
    <p class='ocr_par' dir='ltr' id='par_1_2' title="bbox 640 443 2488 2019">
     <span class='ocr_line' id='line_1_2' title="bbox 649 443 2486 525; baseline 0.003 -23"><span class='ocrx_word' id='word_1_5' title='bbox 649 463 709 502; x_wconf 89' lang='lat' dir='ltr'>vt</span> <span class='ocrx_word' id='word_1_6' title='bbox 739 462 863 520; x_wconf 87' lang='lat' dir='ltr'>prae</span> <span class='ocrx_word' id='word_1_7' title='bbox 888 443 982 499; x_wconf 88' lang='lat' dir='ltr'>illis</span> <span class='ocrx_word' id='word_1_8' title='bbox 1016 446 1190 501; x_wconf 83' lang='lat' dir='ltr'>omnia</span> <span class='ocrx_word' id='word_1_9' title='bbox 1215 444 1408 522; x_wconf 88' lang='lat' dir='ltr'>susque</span> <span class='ocrx_word' id='word_1_10' title='bbox 1440 446 1612 521; x_wconf 85' lang='lat' dir='ltr'>deque</span> <span class='ocrx_word' id='word_1_11' title='bbox 1647 446 1870 502; x_wconf 79' lang='lat' dir='ltr'>habeant</span> <span class='ocrx_word' id='word_1_12' title='bbox 1900 461 1951 503; x_wconf 88' lang='lat' dir='ltr'>et</span> <span class='ocrx_word' id='word_1_13' title='bbox 1985 446 2089 503; x_wconf 82' lang='lat' dir='ltr'>alto</span> <span class='ocrx_word' id='word_1_14' title='bbox 2125 447 2271 506; x_wconf 89' lang='lat' dir='ltr'>velut</span> <span class='ocrx_word' id='word_1_15' title='bbox 2303 449 2486 525; x_wconf 55' lang='lat' dir='ltr'>superss</span> 
     </span>
     <span class='ocr_line' id='line_1_3' title="bbox 649 572 2487 645; baseline 0 -16"><span class='ocrx_word' id='word_1_16' title='bbox 649 573 767 630; x_wconf 81' lang='lat' dir='ltr'>cilio</span> <span class='ocrx_word' id='word_1_17' title='bbox 810 586 1169 633; x_wconf 76' lang='lat' dir='ltr'>contemnant,</span> <span class='ocrx_word' id='word_1_18' title='bbox 1220 588 1451 626; x_wconf 82' lang='lat' dir='ltr'><strong>mentem</strong></span> <span class='ocrx_word' id='word_1_19' title='bbox 1501 572 1695 645; x_wconf 85' lang='lat' dir='ltr'>pastam</span> <span class='ocrx_word' id='word_1_20' title='bbox 1741 572 2013 629; x_wconf 83' lang='lat' dir='ltr'>chimaeris</span> <span class='ocrx_word' id='word_1_21' title='bbox 2053 588 2103 628; x_wconf 88' lang='lat' dir='ltr'>et</span> <span class='ocrx_word' id='word_1_22' title='bbox 2149 572 2317 628; x_wconf 83' lang='lat' dir='ltr'>sensus</span> <span class='ocrx_word' id='word_1_23' title='bbox 2359 592 2487 630; x_wconf 85' lang='lat' dir='ltr'>vane</span> 
     </span>
     <span class='ocr_line' id='line_1_4' title="bbox 648 694 2488 772; baseline 0 -20"><span class='ocrx_word' id='word_1_24' title='bbox 648 697 870 771; x_wconf 86' lang='lat' dir='ltr'>quidem</span> <span class='ocrx_word' id='word_1_25' title='bbox 920 694 1128 757; x_wconf 77' lang='lat' dir='ltr'>inflent,</span> <span class='ocrx_word' id='word_1_26' title='bbox 1189 694 1275 752; x_wconf 91' lang='lat' dir='ltr'>sed</span> <span class='ocrx_word' id='word_1_27' title='bbox 1320 694 1529 752; x_wconf 83' lang='lat' dir='ltr'>ventosa</span> <span class='ocrx_word' id='word_1_28' title='bbox 1583 711 1634 752; x_wconf 83' lang='lat' dir='ltr'>et</span> <span class='ocrx_word' id='word_1_29' title='bbox 1673 696 1893 752; x_wconf 78' lang='lat' dir='ltr'>aridiora</span> <span class='ocrx_word' id='word_1_30' title='bbox 1942 715 2224 772; x_wconf 84' lang='lat' dir='ltr'>propterea</span> <span class='ocrx_word' id='word_1_31' title='bbox 2264 699 2488 770; x_wconf 84' lang='lat' dir='ltr'>ingenia,</span> 
     </span>
     <span class='ocr_line' id='line_1_5' title="bbox 648 820 2484 896; baseline -0.001 -16"><span class='ocrx_word' id='word_1_32' title='bbox 648 840 728 880; x_wconf 93' lang='lat' dir='ltr'>tot</span> <span class='ocrx_word' id='word_1_33' title='bbox 759 824 925 879; x_wconf 85' lang='lat' dir='ltr'>ventis</span> <span class='ocrx_word' id='word_1_34' title='bbox 965 822 1178 895; x_wconf 82' lang='lat' dir='ltr'>peruia,</span> <span class='ocrx_word' id='word_1_35' title='bbox 1223 820 1537 895; x_wconf 79' lang='lat' dir='ltr'>relinquant.</span> <span class='ocrx_word' id='word_1_36' title='bbox 1642 821 1794 890; x_wconf 83' lang='lat' dir='ltr'>Quae</span> <span class='ocrx_word' id='word_1_37' title='bbox 1827 824 1944 896; x_wconf 81' lang='lat' dir='ltr'>qui,</span> <span class='ocrx_word' id='word_1_38' title='bbox 1980 821 2125 895; x_wconf 92' lang='lat' dir='ltr'>quod</span> <span class='ocrx_word' id='word_1_39' title='bbox 2156 822 2484 879; x_wconf 85' lang='lat' dir='ltr'>animaduer-</span> 
     </span>
     <span class='ocr_line' id='line_1_6' title="bbox 646 945 2482 1011; baseline -0.002 -5"><span class='ocrx_word' id='word_1_40' title='bbox 646 967 760 1006; x_wconf 89' lang='lat' dir='ltr'>tere</span> <span class='ocrx_word' id='word_1_41' title='bbox 795 965 901 1004; x_wconf 92' lang='lat' dir='ltr'>tam</span> <span class='ocrx_word' id='word_1_42' title='bbox 929 945 1075 1003; x_wconf 75' lang='lat' dir='ltr'>fiicile</span> <span class='ocrx_word' id='word_1_43' title='bbox 1101 946 1190 1007; x_wconf 78' lang='lat' dir='ltr'>est,</span> <span class='ocrx_word' id='word_1_44' title='bbox 1237 945 1621 1008; x_wconf 72' lang='lat' dir='ltr'>amm-aduertit,</span> <span class='ocrx_word' id='word_1_45' title='bbox 1666 966 1761 1003; x_wconf 83' lang='lat' dir='ltr'>nae</span> <span class='ocrx_word' id='word_1_46' title='bbox 1791 950 1828 1002; x_wconf 87' lang='lat' dir='ltr'>is</span> <span class='ocrx_word' id='word_1_47' title='bbox 1860 945 2151 1003; x_wconf 73' lang='lat' dir='ltr'>exardescat</span> <span class='ocrx_word' id='word_1_48' title='bbox 2174 945 2370 1003; x_wconf 74' lang='lat' dir='ltr'>necesse</span> <span class='ocrx_word' id='word_1_49' title='bbox 2399 949 2482 1011; x_wconf 82' lang='lat' dir='ltr'>est,</span> 
     </span>
     <span class='ocr_line' id='line_1_7' title="bbox 652 1071 2485 1148; baseline -0.002 -17"><span class='ocrx_word' id='word_1_50' title='bbox 652 1094 705 1131; x_wconf 84' lang='lat' dir='ltr'>et</span> <span class='ocrx_word' id='word_1_51' title='bbox 736 1073 1024 1132; x_wconf 74' lang='lat' dir='ltr'>TAc1TvM</span> <span class='ocrx_word' id='word_1_52' title='bbox 1090 1072 1319 1146; x_wconf 78' lang='lat' dir='ltr'>aliquem</span> <span class='ocrx_word' id='word_1_53' title='bbox 1370 1088 1460 1127; x_wconf 87' lang='lat' dir='ltr'>aut</span> <span class='ocrx_word' id='word_1_54' title='bbox 1511 1073 1878 1133; x_wconf 84' lang='lat' dir='ltr'>SALLVSTIVM</span> <span class='ocrx_word' id='word_1_55' title='bbox 1917 1072 1997 1127; x_wconf 85' lang='lat' dir='ltr'>vel</span> <span class='ocrx_word' id='word_1_56' title='bbox 2048 1071 2310 1134; x_wconf 78' lang='lat' dir='ltr'>LIVIVM,</span> <span class='ocrx_word' id='word_1_57' title='bbox 2351 1089 2485 1148; x_wconf 89' lang='lat' dir='ltr'>quos</span> 
     </span>
     <span class='ocr_line' id='line_1_8' title="bbox 642 1196 2484 1276; baseline -0.001 -22"><span class='ocrx_word' id='word_1_58' title='bbox 642 1196 888 1276; x_wconf 85' lang='lat' dir='ltr'>profecto</span> <span class='ocrx_word' id='word_1_59' title='bbox 939 1214 1175 1252; x_wconf 84' lang='lat' dir='ltr'>amamus</span> <span class='ocrx_word' id='word_1_60' title='bbox 1233 1212 1285 1252; x_wconf 90' lang='lat' dir='ltr'>et</span> <span class='ocrx_word' id='word_1_61' title='bbox 1344 1199 1602 1252; x_wconf 83' lang='lat' dir='ltr'>miramur</span> <span class='ocrx_word' id='word_1_62' title='bbox 1657 1215 1869 1259; x_wconf 73' lang='lat' dir='ltr'>omnes,</span> <span class='ocrx_word' id='word_1_63' title='bbox 1914 1212 2181 1272; x_wconf 82' lang='lat' dir='ltr'>quotquot</span> <span class='ocrx_word' id='word_1_64' title='bbox 2241 1196 2484 1271; x_wconf 82' lang='lat' dir='ltr'>sapimus,</span> 
     </span>
     <span class='ocr_line' id='line_1_9' title="bbox 642 1319 2483 1395; baseline -0.003 -15"><span class='ocrx_word' id='word_1_65' title='bbox 642 1326 831 1383; x_wconf 83' lang='lat' dir='ltr'>macris</span> <span class='ocrx_word' id='word_1_66' title='bbox 873 1321 968 1378; x_wconf 84' lang='lat' dir='ltr'>illis</span> <span class='ocrx_word' id='word_1_67' title='bbox 1018 1320 1326 1378; x_wconf 79' lang='lat' dir='ltr'>horninibus</span> <span class='ocrx_word' id='word_1_68' title='bbox 1372 1338 1423 1377; x_wconf 90' lang='lat' dir='ltr'>et</span> <span class='ocrx_word' id='word_1_69' title='bbox 1464 1323 1748 1379; x_wconf 88' lang='lat' dir='ltr'>macilentis</span> <span class='ocrx_word' id='word_1_70' title='bbox 1785 1323 2017 1379; x_wconf 80' lang='lat' dir='ltr'>muitum</span> <span class='ocrx_word' id='word_1_71' title='bbox 2063 1319 2349 1395; x_wconf 83' lang='lat' dir='ltr'>praeferat,</span> <span class='ocrx_word' id='word_1_72' title='bbox 2391 1321 2483 1394; x_wconf 90' lang='lat' dir='ltr'>qui</span> 
     </span>
     <span class='ocr_line' id='line_1_10' title="bbox 642 1443 2482 1527; baseline -0.004 -20"><span class='ocrx_word' id='word_1_73' title='bbox 642 1469 816 1527; x_wconf 89' lang='lat' dir='ltr'>quum</span> <span class='ocrx_word' id='word_1_74' title='bbox 856 1453 908 1505; x_wconf 88' lang='lat' dir='ltr'>in</span> <span class='ocrx_word' id='word_1_75' title='bbox 944 1446 1148 1502; x_wconf 86' lang='lat' dir='ltr'>theatro</span> <span class='ocrx_word' id='word_1_76' title='bbox 1174 1445 1385 1503; x_wconf 90' lang='lat' dir='ltr'>tandem</span> <span class='ocrx_word' id='word_1_77' title='bbox 1414 1448 1809 1505; x_wconf 86' lang='lat' dir='ltr'>constituuntur</span> <span class='ocrx_word' id='word_1_78' title='bbox 1832 1464 1883 1503; x_wconf 90' lang='lat' dir='ltr'>et</span> <span class='ocrx_word' id='word_1_79' title='bbox 1917 1445 2130 1520; x_wconf 80' lang='lat' dir='ltr'>agendis</span> <span class='ocrx_word' id='word_1_80' title='bbox 2166 1445 2342 1507; x_wconf 86' lang='lat' dir='ltr'>rebus,</span> <span class='ocrx_word' id='word_1_81' title='bbox 2387 1443 2482 1500; x_wconf 84' lang='lat' dir='ltr'>suo</span> 
     </span>
     <span class='ocr_line' id='line_1_11' title="bbox 640 1563 2482 1646; baseline -0.003 -12"><span class='ocrx_word' id='word_1_82' title='bbox 640 1577 724 1634; x_wconf 85' lang='lat' dir='ltr'>vel</span> <span class='ocrx_word' id='word_1_83' title='bbox 767 1574 960 1631; x_wconf 86' lang='lat' dir='ltr'>futuris</span> <span class='ocrx_word' id='word_1_84' title='bbox 990 1571 1172 1627; x_wconf 81' lang='lat' dir='ltr'>seculis</span> <span class='ocrx_word' id='word_1_85' title='bbox 1195 1569 1508 1646; x_wconf 80' lang='lat' dir='ltr'>profuturis,</span> <span class='ocrx_word' id='word_1_86' title='bbox 1538 1563 1924 1634; x_wconf 86' lang='lat' dir='ltr'>admouentur,</span> <span class='ocrx_word' id='word_1_87' title='bbox 1963 1569 2315 1645; x_wconf 79' lang='lat' dir='ltr'>spectaculum</span> <span class='ocrx_word' id='word_1_88' title='bbox 2351 1570 2482 1629; x_wconf 83' lang='lat' dir='ltr'>fiunt</span> 
     </span>
     <span class='ocr_line' id='line_1_12' title="bbox 642 1688 2480 1775; baseline -0.004 -16"><span class='ocrx_word' id='word_1_89' title='bbox 642 1688 697 1758; x_wconf 19' lang='lat' dir='ltr'>et·</span> <span class='ocrx_word' id='word_1_90' title='bbox 717 1699 956 1775; x_wconf 84' lang='lat' dir='ltr'>suspenso</span> <span class='ocrx_word' id='word_1_91' title='bbox 990 1696 1109 1753; x_wconf 84' lang='lat' dir='ltr'>naso</span> <span class='ocrx_word' id='word_1_92' title='bbox 1135 1696 1400 1770; x_wconf 81' lang='lat' dir='ltr'>ridentur3</span> <span class='ocrx_word' id='word_1_93' title='bbox 1445 1696 1605 1752; x_wconf 85' lang='lat' dir='ltr'>verba</span> <span class='ocrx_word' id='word_1_94' title='bbox 1628 1696 1884 1769; x_wconf 78' lang='lat' dir='ltr'>magistri,</span> <span class='ocrx_word' id='word_1_95' title='bbox 1926 1698 1979 1750; x_wconf 85' lang='lat' dir='ltr'>in</span> <span class='ocrx_word' id='word_1_96' title='bbox 2014 1714 2148 1769; x_wconf 78' lang='lat' dir='ltr'>quae</span> <span class='ocrx_word' id='word_1_97' title='bbox 2176 1698 2480 1758; x_wconf 81' lang='lat' dir='ltr'>iurauerint,</span> 
     </span>
     <span class='ocr_line' id='line_1_13' title="bbox 643 1819 2479 1896; baseline -0.003 -13"><span class='ocrx_word' id='word_1_98' title='bbox 643 1829 896 1884; x_wconf 85' lang='lat' dir='ltr'>terminos</span> <span class='ocrx_word' id='word_1_99' title='bbox 931 1839 1109 1877; x_wconf 89' lang='lat' dir='ltr'>mente</span> <span class='ocrx_word' id='word_1_100' title='bbox 1148 1837 1199 1877; x_wconf 91' lang='lat' dir='ltr'>et</span> <span class='ocrx_word' id='word_1_101' title='bbox 1237 1821 1360 1877; x_wconf 82' lang='lat' dir='ltr'>sono</span> <span class='ocrx_word' id='word_1_102' title='bbox 1393 1820 1541 1896; x_wconf 83' lang='lat' dir='ltr'>saepe</span> <span class='ocrx_word' id='word_1_103' title='bbox 1574 1819 1758 1883; x_wconf 81' lang='lat' dir='ltr'>caffOS,</span> <span class='ocrx_word' id='word_1_104' title='bbox 1802 1819 2128 1875; x_wconf 84' lang='lat' dir='ltr'>definitiones</span> <span class='ocrx_word' id='word_1_105' title='bbox 2173 1836 2229 1875; x_wconf 89' lang='lat' dir='ltr'>ac</span> <span class='ocrx_word' id='word_1_106' title='bbox 2271 1819 2479 1895; x_wconf 86' lang='lat' dir='ltr'>putidas</span> 
     </span>
     <span class='ocr_line' id='line_1_14' title="bbox 641 1944 2478 2019; baseline -0.004 -12"><span class='ocrx_word' id='word_1_107' title='bbox 641 1949 1140 2009; x_wconf 84' lang='lat' dir='ltr'>demonstrationes,</span> <span class='ocrx_word' id='word_1_108' title='bbox 1182 1964 1286 2002; x_wconf 89' lang='lat' dir='ltr'>non</span> <span class='ocrx_word' id='word_1_109' title='bbox 1320 1965 1448 2002; x_wconf 85' lang='lat' dir='ltr'>vero</span> <span class='ocrx_word' id='word_1_110' title='bbox 1484 1965 1594 2009; x_wconf 83' lang='lat' dir='ltr'>res,</span> <span class='ocrx_word' id='word_1_111' title='bbox 1639 1949 1833 2018; x_wconf 76' lang='lat' dir='ltr'>cuique</span> <span class='ocrx_word' id='word_1_112' title='bbox 1879 1945 1996 2002; x_wconf 88' lang='lat' dir='ltr'>loco</span> <span class='ocrx_word' id='word_1_113' title='bbox 2035 1962 2086 2001; x_wconf 90' lang='lat' dir='ltr'>et</span> <span class='ocrx_word' id='word_1_114' title='bbox 2119 1948 2345 2019; x_wconf 86' lang='lat' dir='ltr'>tempori</span> <span class='ocrx_word' id='word_1_115' title='bbox 2386 1944 2478 2000; x_wconf 86' lang='lat' dir='ltr'>ad-</span> 
     </span>
    </p>
   </div>
   <div class='ocr_carea' id='block_1_3' title="bbox 640 2069 2478 2144">
    <p class='ocr_par' dir='ltr' id='par_1_3' title="bbox 640 2069 2478 2144">
     <span class='ocr_line' id='line_1_15' title="bbox 640 2069 2478 2144; baseline -0.005 -10"><span class='ocrx_word' id='word_1_116' title='bbox 640 2073 997 2134; x_wconf 84' lang='lat' dir='ltr'>commodatas</span> <span class='ocrx_word' id='word_1_117' title='bbox 1055 2072 1263 2135; x_wconf 85' lang='lat' dir='ltr'>dicere,</span> <span class='ocrx_word' id='word_1_118' title='bbox 1315 2072 1540 2127; x_wconf 86' lang='lat' dir='ltr'>scribere</span> <span class='ocrx_word' id='word_1_119' title='bbox 1599 2089 1651 2128; x_wconf 88' lang='lat' dir='ltr'>et</span> <span class='ocrx_word' id='word_1_120' title='bbox 1688 2090 1845 2144; x_wconf 84' lang='lat' dir='ltr'>agere</span> <span class='ocrx_word' id='word_1_121' title='bbox 1910 2070 2051 2125; x_wconf 87' lang='lat' dir='ltr'>docti</span> <span class='ocrx_word' id='word_1_122' title='bbox 2102 2069 2478 2142; x_wconf 76' lang='lat' dir='ltr'>neglectaeque</span> 
     </span>
    </p>
   </div>
   <div class='ocr_carea' id='block_1_4' title="bbox 643 2191 2476 2270">
    <p class='ocr_par' dir='ltr' id='par_1_4' title="bbox 643 2191 2476 2270">
     <span class='ocr_line' id='line_1_16' title="bbox 643 2191 2476 2270; baseline -0.004 -12"><span class='ocrx_word' id='word_1_123' title='bbox 643 2202 820 2258; x_wconf 81' lang='lat' dir='ltr'>omnis</span> <span class='ocrx_word' id='word_1_124' title='bbox 857 2198 970 2252; x_wconf 87' lang='lat' dir='ltr'>aeui</span> <span class='ocrx_word' id='word_1_125' title='bbox 1013 2195 1252 2250; x_wconf 85' lang='lat' dir='ltr'>historiae</span> <span class='ocrx_word' id='word_1_126' title='bbox 1285 2213 1599 2270; x_wconf 84' lang='lat' dir='ltr'>rerumque,</span> <span class='ocrx_word' id='word_1_127' title='bbox 1641 2211 1800 2269; x_wconf 88' lang='lat' dir='ltr'>quam</span> <span class='ocrx_word' id='word_1_128' title='bbox 1836 2193 1956 2248; x_wconf 88' lang='lat' dir='ltr'>inde</span> <span class='ocrx_word' id='word_1_129' title='bbox 1994 2191 2230 2250; x_wconf 85' lang='lat' dir='ltr'>fructum</span> <span class='ocrx_word' id='word_1_130' title='bbox 2267 2194 2476 2251; x_wconf 84' lang='lat' dir='ltr'>retulis-</span> 
     </span>
    </p>
   </div>
   <div class='ocr_carea' id='block_1_5' title="bbox 2595 0 2618 2339">
    <p class='ocr_par' dir='ltr' id='par_1_5' title="bbox 2595 0 2618 2339">
     <span class='ocr_line' id='line_1_17' title="bbox 2595 0 2618 2339; baseline 0 0"><span class='ocrx_word' id='word_1_131' title='bbox 2595 0 2618 2339; x_wconf 95' lang='lat' dir='ltr'> </span> 
     </span>
    </p>
   </div>
   <div class='ocr_carea' id='block_1_6' title="bbox 640 2318 2618 2425">
    <p class='ocr_par' dir='ltr' id='par_1_6' title="bbox 640 2318 2618 2425">
     <span class='ocr_line' id='line_1_18' title="bbox 640 2318 2618 2425; baseline -0.005 -43"><span class='ocrx_word' id='word_1_132' title='bbox 640 2325 780 2386; x_wconf 78' lang='lat' dir='ltr'>sent,</span> <span class='ocrx_word' id='word_1_133' title='bbox 817 2321 1125 2398; x_wconf 70' lang='lat' dir='ltr'>prudentiae</span> <span class='ocrx_word' id='word_1_134' title='bbox 1150 2338 1341 2393; x_wconf 85' lang='lat' dir='ltr'>poenas</span> <span class='ocrx_word' id='word_1_135' title='bbox 1364 2320 1542 2376; x_wconf 82' lang='lat' dir='ltr'>dantes</span> <span class='ocrx_word' id='word_1_136' title='bbox 1565 2318 1992 2395; x_wconf 79' lang='lat' dir='ltr'>prudentioribus</span> <span class='ocrx_word' id='word_1_137' title='bbox 2018 2335 2068 2375; x_wconf 89' lang='lat' dir='ltr'>et</span> <span class='ocrx_word' id='word_1_138' title='bbox 2092 2322 2205 2377; x_wconf 86' lang='lat' dir='ltr'>veri</span> <span class='ocrx_word' id='word_1_139' title='bbox 2235 2320 2475 2385; x_wconf 81' lang='lat' dir='ltr'>nominis,</span> <span class='ocrx_word' id='word_1_140' title='bbox 2609 2332 2618 2425; x_wconf 42' lang='lat' dir='ltr'>J</span> 
     </span>
    </p>
   </div>
   <div class='ocr_carea' id='block_1_7' title="bbox 636 2444 1801 2526">
    <p class='ocr_par' dir='ltr' id='par_1_7' title="bbox 636 2444 1801 2526">
     <span class='ocr_line' id='line_1_19' title="bbox 636 2444 1801 2526; baseline -0.004 -21"><span class='ocrx_word' id='word_1_141' title='bbox 636 2451 882 2526; x_wconf 68' lang='lat' dir='ltr'>quamuis</span> <span class='ocrx_word' id='word_1_142' title='bbox 911 2446 1154 2504; x_wconf 81' lang='lat' dir='ltr'>carebant</span> <span class='ocrx_word' id='word_1_143' title='bbox 1184 2449 1424 2509; x_wconf 79' lang='lat' dir='ltr'>nornine,</span> <span class='ocrx_word' id='word_1_144' title='bbox 1463 2444 1801 2521; x_wconf 67' lang='lat' dir='ltr'>philosophis.</span> 
     </span>
    </p>
   </div>
   <div class='ocr_carea' id='block_1_8' title="bbox 2316 2691 2468 2750">
    <p class='ocr_par' dir='ltr' id='par_1_8' title="bbox 2316 2691 2468 2750">
     <span class='ocr_line' id='line_1_20' title="bbox 2316 2691 2468 2750; baseline -0.013 0"><span class='ocrx_word' id='word_1_145' title='bbox 2316 2691 2468 2750; x_wconf 85' lang='lat' dir='ltr'>Vitu-</span> 
     </span>
    </p>
   </div>
   <div class='ocr_carea' id='block_1_9' title="bbox 0 3456 2618 3485">
    <p class='ocr_par' dir='ltr' id='par_1_9' title="bbox 0 3456 2618 3485">
     <span class='ocr_line' id='line_1_21' title="bbox 0 3456 2618 3485; baseline 0 0"><span class='ocrx_word' id='word_1_146' title='bbox 0 3456 2618 3485; x_wconf 95' lang='lat' dir='ltr'> </span> 
     </span>
    </p>
   </div>
  </div>
 </body>
</html>
