2503 3444
698 296 808 374 Q
887 295 1130 369 )(0)(
1207 293 1317 370 est*
1801 314 1903 356 101

10 413 14 475 4
91 418 1909 483 fflffissffiaefflffifflffiffla÷

746 542 795 597 O
843 543 878 594 R
924 543 975 595 A
1020 539 1078 593 T
1127 540 1144 592 1
1189 539 1239 592 O
1514 584 1517 585 γ

161 635 375 682 ΗΑΒῙΤΑ
418 635 479 678 IN
508 634 748 677 SOLENNI
769 630 1114 674 ACADEMIAE
1145 628 1828 673 THEODono-PALATINAE

488 717 737 746 CONVENTU
770 717 855 743 DIE
887 715 1004 742 XXV.
1035 714 1198 742 OCTOB.
1229 712 1490 741 MDchXIV.

10 827 13 849 τ
77 810 396 961 Annuam
431 804 673 854 natiuitatis
708 801 789 850 suae
811 801 1068 851 periodum
1105 801 1305 865 primam
1335 798 1530 847 Palatina
1559 785 1665 846 felirr
1694 799 1908 866 transegit

258 902 529 960 Academia,
568 901 813 950 Auditores
842 902 1060 948 omnium
1094 897 1338 947 Ordinum
1379 895 1603 962 dignitate
1640 897 1909 960 meritisque

76 1000 340 1051 venerandi.
408 1000 598 1050 Tertius
639 1000 783 1047 Actus
816 997 908 1056 est,
943 1012 1041 1061 quo
1074 997 1144 1044 illa
1189 996 1238 1044 in
1267 994 1429 1043 fiicrata
1467 994 1551 1042 hac
1587 992 1824 1042 Musarum
1862 1007 1908 1044 et

77 1099 308 1164 Apollinis
334 1096 450 1155 sede,
489 1098 534 1145 in
571 1095 802 1160 splendida
836 1110 881 1144 et
912 1093 1155 1144 numerosa
1185 1093 1447 1143 Procerum
1484 1092 1754 1156 ciuiumque
1791 1109 1907 1143 con-

79 1197 226 1255 cione,
247 1195 410 1245 animis
434 1208 478 1243 et
507 1194 692 1244 auribus
717 1208 879 1253 erecta,
911 1206 1165 1259 comparet.

204 1341 478 1405 Compar-et,
513 1340 633 1389 saluo
666 1355 710 1390 et
741 1340 902 1405 sospite
931 1357 1109 1406 magno
1138 1341 1341 1396 Statore‚
1376 1354 1520 1402 quem
1554 1337 1791 1405 singularis
1820 1356 1906 1391 nu-

76 1455 160 1506 per
189 1438 477 1504 prouidentia
500 1438 605 1488 coeli
630 1439 762 1487 terris
794 1437 881 1488 suis
903 1438 1101 1501 orbique
1132 1437 1314 1486 literato
1350 1449 1443 1484 tarn
1468 1437 1671 1503 benigne
1699 1436 1906 1488 seruauit.

10 1550 13 1582 ε
77 1538 267 1587 Utinam
301 1550 579 1602 perpetuum
609 1553 660 1585 ac
692 1537 1005 1585 immortalem
1040 1533 1273 1586 seruaret!
1312 1533 1562 1583 Academia
1595 1535 1718 1583 Actu
1748 1537 1905 1600 primo

75 1635 355 1701 inaugurata‚
383 1634 616 1683 elucidatae
640 1634 785 1683 ciuilis
815 1648 861 1683 et
884 1633 1096 1684 naturalis
1117 1633 1392 1692 Palatinarus
1411 1631 1633 1681 Historiae
1657 1632 1904 1698 specimina

77 1731 228 1782 Vobis
259 1731 596 1796 repraesentauit
619 1731 838 1780 secundo.

206 1877 448 1928 Hodierna
479 1880 707 1943 panegyri
738 1894 789 1927 ea
820 1877 957 1926 vobis
979 1876 1238 1934 declarabit,
1273 1875 1389 1940 quid
1426 1875 1525 1925 eius
1553 1875 1821 1943 praescripto
1853 1880 1901 1929 in

75 1976 326 2027 enodandis
359 1976 570 2025 Palatinis
601 1974 739 2025 rebus
763 1976 1020 2024 vicinarum
1046 1988 1090 2024 et
1124 1988 1412 2024 remotarum
1440 1976 1691 2040 regionum
1725 1976 1901 2040 praesti·

75 2076 210 2125 :erint
245 2074 402 2123 exteri.

201 2222 412 2272 Stimulat
452 2221 718 2270 mortalium
761 2221 942 2271 animos
973 2218 1157 2269 virtutis
1194 2217 1442 2269 aemulatio.
1524 2216 1740 2270 Excitant
1775 2236 1897 2287 prae-

75 2319 188 2381 mia3
221 2320 357 2370 trahit
387 2319 551 2386 gloriae
581 2318 769 2385 cupido.

201 2465 440 2531 Prospexit
465 2465 566 2514 haec
599 2463 780 2514 sublimi
810 2465 882 2515 sua
908 2477 1065 2514 mente
1095 2466 1424 2531 magnanimus
1461 2465 1719 2513 Academiae
1743 2466 1893 2525 Sator,

76 2564 383 2630 omnibusque
413 2563 618 2630 Europae
653 2564 838 2615 literatis
877 2564 1128 2628 quotannis
1170 2563 1413 2630 proposuit
1456 2565 1747 2628 praemium3
1805 2564 1892 2614 illis

957 2662 1013 2710 N
1049 2678 1077 2724 3
1763 2677 1890 2711 nem-
