2539 3475
0 0 2277 80 Γ-ψῂ-ῇ-

28 312 33 375 l
673 276 1292 418 *matonam
1830 349 1900 413 83

3 485 31 525 ε,
66 462 347 532 Delphinus.
414 463 465 515 O
505 461 681 513 sacrum
708 463 824 511 coeli
855 461 1142 528 depositum!
1171 477 1275 524 -quo
1316 461 1463 511 maius
1501 476 1525 509 a
1546 459 1654 511 Deo
1687 458 1902 526 flagitare,

27 526 29 539 l

28 414 29 426 l

27 428 31 436 i

2 559 31 659 'fi
68 567 218 614 maius
238 564 444 629 accipere
468 580 564 611 non
588 576 800 628 potuerat
826 561 865 610 F
868 561 1044 609 rancica
1067 559 1240 619 Nati03
1275 558 1330 608 ad
1350 560 1484 608 cuius
1506 558 1696 608 exordia
1716 558 1904 607 laetatur

26 666 31 723 i
68 663 256 721 iustitia,
319 661 523 726 desperat
563 660 820 718 discordia,
877 658 1083 726 gaudent
1131 656 1384 715 foederati,
1429 656 1668 706 vniuersus
1701 656 1903 720 denique

26 756 31 809 ³,
67 761 441 812 Christianorum
474 760 676 825 populus
707 757 1073 826 gratulabundus
1108 757 1292 806 exultat.
1365 754 1417 806 O
1447 770 1595 804 raram
1631 769 1676 804 et
1711 754 1904 805 saecula-

67 875 171 911 rem
200 859 294 908 fere
329 859 494 908 Gallici
528 859 678 924 Regni
719 857 1005 914 felicitatem,
1042 857 1090 904 in
1121 871 1220 919 quo
1262 870 1346 920 per
1378 852 1734 918 quatuordecim
1769 841 1906 904 lustra

0 930 30 1011 ΙΙ
70 958 238 1007 nullius
275 957 497 1022 Delphini
530 955 631 1005 sunt
659 956 871 1005 celebrati
906 955 1099 1004 Natales.
1167 952 1293 1021 Qis
1312 953 1452 1002 Tuus
1477 951 1531 1002 ad
1568 963 1689 1001 tanta
1720 950 1906 1002 felicita-

1 1014 30 1103 ··Ι
70 1056 129 1105 tis
157 1055 371 1122 prodigia
393 1053 538 1104 sensus
570 1054 656 1113 est,
692 1068 847 1120 partus
868 1053 1029 1103 excelsi
1060 1052 1219 1101 diuino
1243 1052 1429 1110 Parens,
1458 1050 1762 1116 Magnanime
1795 1049 1907 1099 LV-

0 1132 29 1209 Ι
69 1152 344 1205 DOVICE.
380 1154 493 1202 Hoc
514 1152 661 1202 solum
683 1152 740 1202 ad
758 1169 917 1202 rerum
927 1153 1142 1201 Tuarum
1159 1148 1532 1215 magnitudinem
1557 1146 1704 1197 deesse
1717 1146 1905 1198 videba-

0 1213 29 1309 ΙΙ
70 1262 147 1300 tur
165 1284 179 1310 ,
213 1251 474 1301 Monarcha
512 1250 742 1310 sublimis,
777 1265 852 1309 vt,
888 1251 970 1315 qui
995 1248 1243 1298 Maiestatis
1263 1249 1396 1297 Tuae
1420 1246 1658 1314 fulgorem
1682 1260 1776 1295 tam
1805 1245 1907 1294 lon-

23 1329 29 1349 l

67 1363 131 1416 ge
151 1349 329 1413 lateque
354 1367 437 1414 per
462 1364 626 1416 gentes
655 1364 701 1398 et
721 1366 866 1414 regna
889 1346 1140 1406 diffundis;
1173 1347 1254 1410 qui
1275 1363 1432 1395 rerum
1472 1345 1691 1410 Europae
1723 1342 1907 1401 arbiter,

0 1469 29 1516 =¹¹
71 1447 245 1497 Galliae
269 1448 402 1496 Tuae
436 1462 612 1496 nomen
640 1446 696 1495 ad
729 1444 966 1494 summum
999 1445 1176 1511 gloriae
1204 1457 1250 1492 et
1277 1444 1509 1508 potentiae
1541 1441 1773 1511 fastigium
1803 1455 1910 1505 per-

22 1519 29 1632 Ι
67 1542 233 1607 duci83
275 1547 356 1610 qui
392 1545 576 1610 pridem
615 1545 792 1593 ciuium
829 1543 1055 1592 Tuorum
1087 1541 1235 1592 almus
1278 1555 1323 1591 et
1357 1539 1708 1608 benigniffimus
1741 1539 1910 1589 parens

0 1667 2 1680 ι
71 1645 291 1702 vocaris,
352 1643 476 1692 idem
521 1660 648 1691 nunc
705 1637 900 1707 quoque
942 1640 1142 1708 Augusti
1189 1639 1416 1705 Delphini
1461 1640 1632 1689 Parens
1675 1638 1910 1689 dicereris.

73 1741 255 1790 Auctus
285 1756 333 1790 es
364 1741 456 1790 hoe
489 1740 621 1790 dono
645 1741 827 1790 coelesti
844 1774 858 1799 ,
895 1741 1075 1807 Magne
1097 1737 1396 1797 Borbonida,
1424 1750 1476 1788 vt
1509 1735 1575 1786 {ui
1608 1737 1657 1786 in
1682 1736 1759 1787 Te
1785 1752 1911 1787 amo·

73 1839 139 1888 ris
171 1854 353 1888 nouum
387 1852 432 1887 et
457 1839 714 1887 immortale
736 1840 1077 1888 documentum
1111 1837 1405 1907 diuinaTibi
1428 1837 1664 1902 praeberet
1691 1835 1910 1903 benigni-

60 2035 319 2104 Malorum
348 2035 571 2083 Tuorum
608 2036 859 2084 maximam
893 2031 1130 2084 fortunam
1172 2032 1450 2083 immensum
1489 2031 1755 2098 superare83
1797 2046 1913 2095 quo-

75 2147 182 2184 rum
204 2133 354 2181 nullus
377 2133 424 2180 in
452 2132 537 2181 hac
566 2133 654 2180 iam
675 2145 817 2181 aetate
838 2146 932 2181 tam
955 2130 1250 2180 numerosam
1273 2131 1481 2180 sobolem
1505 2131 1662 2196 regnis
1678 2128 1911 2194 ostendi&

77 2232 230 2282 nullus
264 2246 358 2280 tam
385 2230 662 2280 iuuenilibus
690 2231 821 2279 annis
852 2229 925 2279 ad⁴
948 2242 1118 2280 tantam
1148 2217 1273 2295 spem
1301 2229 1477 2278 ciuium
1507 2216 1699 2278 suorum
1731 2214 1914 2277 animos
1982 2246 1997 2248 2

79 2310 237 2378 erexit.
321 2329 605 2394 Qiae‘Tua
637 2345 754 2378 vero
789 2330 910 2377 inter
940 2327 1126 2377 festiuos
1165 2328 1454 2394 populorum
1488 2326 1728 2394 applausus
1759 2325 1915 2376 festiua

80 2425 182 2476 sunt
213 2425 407 2492 gaudia,
439 2427 630 2477 Turrita
663 2425 854 2476 Alsatiae
881 2428 1064 2486 Mater,
1095 2425 1383 2477 deuotiffima
1408 2427 1528 2492 Regi
1566 2438 1649 2475 tuo
1681 2430 1917 2492 [argentoq
1975 2433 1980 2438 ”

81 2523 333 2576 ratenfium
365 2523 553 2574 Ciuitas.
618 2525 727 2585 Tu,
759 2541 876 2589 quae
906 2505 1090 2590 nuptias
1125 2526 1345 2592 Regales‚
1380 2538 1451 2574 tot
1478 2523 1753 2574 Numinum
1786 2538 1916 2588 prae-

82 2621 223 2674 (entia
247 2620 552 2699 conspicuam,
608 2624 657 2674 in
696 2624 883 2690 templis
912 2637 1049 2689 atque
1084 2624 1258 2689 palati-is
1294 2623 1384 2674 tuis
1431 2635 1553 2675 tanta
1584 2637 1696 2673 cum
1737 2636 1915 2696 pompa

75 1950 171 1994 tas·‚
200 1950 253 1985 vt
282 1951 339 1984 ex
368 1938 499 1984 omni
521 1952 649 2001 parte
681 1938 770 1985 iam
806 1936 911 1985 felix
940 1953 1133 1985 omnem
1167 1950 1430 1985 ceterorum
1454 1935 1728 2000 Principum
1760 1947 1804 1983 et
1839 1932 1912 1984 vel

20 2706 24 2802 Ι
1027 2720 1070 2773 L
1101 2737 1130 2776 2
1796 2715 1914 2766 cele·
1957 2754 1962 2760 .

20 2809 24 2846 Ι

21 2978 24 3005 Ι
