2567 3470
657 366 768 427 296
1266 357 1376 438 ‘Q
1456 360 1701 436 )(0)(
1779 360 1888 437 «Ρ

786 480 892 531 VII.
961 481 1293 547 Sicyoniorum
1324 485 1512 551 Regum
1538 486 1806 550 antiquitaS,
1837 485 1979 549 qualis
1998 485 2149 551 vulgo
2180 485 2301 550 apud
2329 483 2489 536 Histoi

654 579 779 627 ricos
806 579 1012 638 traditur,
1037 594 1081 629 et
1107 597 1247 646 prout
1281 599 1339 632 ex
1363 584 1456 633 aliis
1485 585 1801 649 Scriptoribus
1834 599 1934 632 eam
1960 582 2273 647 expresserunt
2310 583 2487 634 Tabulae
2544 577 2546 637 ᾗ

656 675 1034 743 fflffmstadienfi's,
1065 681 1309 731 reiicienda
1332 681 1408 731 est.
1478 682 1720 732 Ponendae
1750 682 1849 730 sunt
1885 680 2078 729 demum
2101 682 2307 746 Sicyonii
2342 683 2492 749 Regni
2544 713 2547 728 i

654 775 860 841 origines
893 777 948 826 ad
985 780 1279 845 Argivorum
1317 782 1506 847 Regum
1538 781 1760 840 exordia3
1815 796 1927 828 cum
1962 793 2091 827 certo
2133 780 2286 827 evinci
2333 779 2494 844 possit,
2546 815 2547 821 η

652 876 871 925 omnium
900 876 1105 926 Graeciae
1129 879 1409 945 Regnorum
1433 876 1797 942 antiquiffimum
1830 876 1958 926 fuiss'e
1989 854 2113 935 illud,
2147 876 2278 941 quod
2313 877 2493 927 Phoro-
2545 857 2547 911 Ῑ

652 989 768 1022 neus
810 975 953 1041 Argis
993 975 1216 1026 stabilivit.
1316 978 1478 1041 Itaque
1517 977 1836 1025 ducentorum
1878 974 1934 1024 ad
1976 976 2228 1024 minimum
2263 991 2493 1026 annorum

654 1070 1033 1124 anachronismus
1055 1075 1142 1134 est,
1174 1090 1221 1126 et
1252 1075 1513 1142 AEgialeus‚
1550 1076 1730 1141 primus
1761 1075 1978 1139 Sicyonis
2003 1074 2128 1131 Rex,
2165 1072 2220 1122 ad
2260 1073 2493 1123 phoronei

654 1181 867 1234 tempora
906 1173 1256 1238 deprimendus.
1352 1174 1462 1242 Qua
1500 1173 1739 1223 occasione
1774 1187 1821 1221 et
1864 1173 1978 1222 illud
2012 1186 2322 1229 annotamus,
2358 1173 2493 1222 errari
2546 1176 2549 1238 ξ

653 1271 972 1320 communiter
1000 1272 1056 1321 ab
1078 1272 1339 1332 Historicis,
1379 1273 1571 1337 quando
1597 1270 1812 1321 Inachum
1849 1272 2058 1336 primum
2093 1271 2380 1336 Argivorum
2405 1271 2493 1319 Re-
2548 1314 2549 1318 ,

651 1382 765 1432 gem
795 1370 1097 1424 constituunt.
1165 1373 1393 1421 Scribitur
1415 1371 1608 1437 quidem
1641 1370 1900 1420 Phoroneus
1925 1368 2043 1418 filius
2068 1368 2241 1425 Inachi,
2272 1367 2344 1416 sed
2370 1367 2492 1416 fluvii
2548 1417 2549 1435 χ

654 1463 763 1523 hoc,
793 1484 889 1516 non
914 1470 1002 1523 viri
1031 1485 1206 1518 nomen
1228 1467 1370 1528 fuiss'e,
1397 1471 1515 1518 clare
1548 1467 1812 1534 Paztfimias,
1847 1466 2140 1533 gravissimus
2165 1467 2384 1530 Scriptor,
2412 1480 2494 1516 tra-
2548 1512 2550 1525 i

653 1561 723 1611 dit
734 1579 747 1624 3
781 1576 825 1612 et
849 1580 957 1616 nota
988 1566 1084 1616 satis
1104 1567 1166 1616 est
1190 1582 1401 1616 veterum
1427 1568 1716 1633 populorum
1752 1566 1971 1622 ambitiO,
2010 1565 2180 1628 quibus
2202 1563 2387 1612 solenne
2410 1563 2493 1613 fuit
2547 1575 2550 1581 '

653 1660 980 1715 conditoribus
1004 1666 1285 1732 Regnorum
1314 1665 1497 1715 illustria
1523 1665 1596 1714 vel
1631 1662 1897 1713 miraculosa
1918 1660 2171 1712 adscribere
2196 1661 2397 1712 exordia.

788 1810 916 1859 VIII.
984 1810 1070 1858 Uti
1094 1825 1209 1858 vero
1243 1809 1315 1858 hae
1341 1810 1636 1875 Argivorum
1666 1819 1711 1855 et
1743 1806 2078 1871 Sicyoniorum
2112 1820 2184 1854 res
2221 1802 2323 1852 sunt
2353 1803 2489 1869 longe
2549 1856 2551 1858 ,

655 1906 991 1970 antiquiffimae,
1023 1908 1080 1957 ita
1102 1922 1256 1957 tamen
1286 1908 1424 1957 rebus
1447 1907 1792 1974 AEgyptiorum
1818 1903 1919 1963 sunt
1952 1904 2236 1953 recentiores
2247 1920 2263 1963 ‚-
2298 1916 2341 1951 at
2365 1899 2490 1950 vicis-

656 2004 741 2054 fim
767 2006 1037 2056 vetustiores
1065 2007 1262 2057 Graecis.
1343 2006 1630 2056 Graecorum
1664 2019 1737 2052 res
1764 2020 1788 2052 a
1813 2002 2030 2067 Cecrope
2056 2000 2252 2050 demum
2284 1999 2488 2048 illustrio-

658 2120 731 2154 res
756 2118 801 2153 et
834 2105 1048 2155 clariores
1067 2104 1154 2154 effe
1177 2105 1432 2170 incipiunt;
1470 2104 1753 2170 praelucente
1783 2099 2060 2149 venerandae
2092 2098 2371 2163 antiquitatis
2397 2095 2490 2146 stel·
2548 2137 2550 2153 ,

659 2202 725 2261 la,
761 2204 1064 2254 celeberrimo
1099 2205 1174 2252 illo
1201 2205 1444 2253 Marmore
1477 2201 1820 2258 Arundelian03
1856 2197 1986 2262 quod
2023 2198 2110 2246 iam
2140 2197 2324 2262 pridem
2353 2192 2496 2244 edidit

660 2316 799 2368 atque
834 2303 1069 2351 illustravit
1092 2304 1274 2351 Ioannes
1298 2300 1512 2350 Seldemts.
1580 2298 1637 2348 Id
1673 2294 2019 2363 autographum
2057 2312 2166 2343 cum
2199 2293 2275 2353 fit,
2315 2307 2356 2342 et
2390 2291 2489 2356 qui-

658 2401 768 2450 dem
797 2402 939 2467 longe
961 2400 1348 2465 antiquissimum,
1377 2400 1627 2447 maximam
1655 2413 1751 2461 prae
1779 2393 1819 2444 se
1844 2393 1930 2442 fert
1957 2394 2004 2442 in
2034 2391 2306 2454 dirimendis
2336 2390 2486 2440 litibus
2548 2404 2550 2406 ’

659 2500 1028 2567 Chronoiogicis
1052 2500 1385 2554 auctoritatem,
1418 2499 1462 2545 in
1489 2493 1789 2545 emendandis
1815 2492 2107 2557 temporibus
2127 2491 2395 2549 utilitatcm3
2431 2485 2484 2535 ad

662 2599 782 2650 hanc
822 2598 1031 2649 amuffim
1055 2614 1125 2648 res
1154 2598 1340 2648 Graecae
1364 2595 1464 2645 sunt
1499 2592 1827 2644 examinandae.

2410 2693 2484 2777 lx}
