2618 3485
671 353 847 399 mm
1283 336 1391 414 *Q
1469 336 1534 409 ><
1575 359 1610 394 0
1649 336 1715 411 ><
1792 339 1902 414 ψ»

674 482 807 539 quos
848 477 953 516 non
992 477 1054 515 ex
1084 459 1199 514 luto
1238 459 1381 515 finxit
1435 477 1643 523 natura,
1688 462 1818 518 illud
1856 463 2112 539 relinqunt
2151 481 2202 522 et
2237 482 2370 542 quae
2409 485 2514 527 non

670 589 892 646 audeant
916 586 1289 660 saepenumero
1323 588 1441 658 qui,
1485 603 1608 641 cum
1635 590 1847 643 minima
1892 587 2066 643 adhue
2099 590 2202 645 aufi
2243 592 2365 653 sint,
2406 593 2516 652 lau-

671 716 737 772 de
760 713 809 768 se
837 712 922 767 sua
948 728 1145 766 mactos
1173 709 1352 764 vident
1379 728 1405 764 a
1430 713 1553 766 viris
1584 710 1827 786 laud-atis,
1869 710 2073 765 laudata
2109 716 2308 789 quippe
2334 715 2513 771 crescit

580 911 592 919 ε
669 844 835 898 virtus
859 855 908 892 et
929 838 1242 891 immensum
1269 836 1432 908 gioria
1468 834 1633 890 calcar
1667 834 1823 889 habet
1843 852 1858 907 3
1905 833 2052 907 quod
2094 853 2198 892 non
2225 836 2512 894 meminisse

666 966 858 1025 modo,
900 961 985 1016 sed
1015 960 1156 1034 sequi
1201 958 1455 1014 deberent
1488 977 1687 1034 Vsque,
1731 962 1821 1033 qui
1861 961 2064 1032 ingenia
2105 957 2336 1016 formare
2365 979 2416 1018 et
2448 963 2512 1019 ad

664 1087 962 1147 conandum
990 1084 1206 1159 aliquid,
1229 1102 1337 1157 quo
1366 1088 1592 1140 nominis
1611 1085 1781 1140 famae
1813 1083 2208 1160 celebritatique
2236 1086 2510 1145 velificent‚

659 1215 870 1269 incitare
903 1208 1028 1264 alios
1061 1208 1142 1263 vel
1177 1207 1364 1262 volunt
1412 1209 1494 1263 vel
1546 1224 1603 1264 vt
1640 1208 1800 1263 velint
1848 1223 2108 1264 tenentur.
2189 1209 2364 1266 Nouit
2407 1209 2513 1268 hoc·

657 1333 1189 1408 arcanaeSophorum
1213 1332 1508 1405 disciplinae
1534 1349 1878 1407 praeceptum
1909 1349 1960 1388 et
1985 1335 2137 1389 toties
2161 1349 2408 1406 etnuper
2420 1332 2507 1389 ad-

654 1463 764 1520 huc
788 1479 850 1516 eo
869 1476 994 1515 cum
1013 1453 1195 1513 fructu
1217 1455 1305 1511 illo
1332 1457 1450 1511 Vsus
1479 1457 1552 1512 est
1576 1460 1712 1512 inter
1725 1455 1905 1528 Belgas
1919 1453 2517 1521 SCHOEPFLINVS,

654 1604 712 1645 vt
735 1588 826 1661 qui
865 1583 969 1637 hoc
1005 1584 1333 1655 vituperant,
1379 1579 1546 1654 piane,
1575 1580 1703 1654 quid
1728 1578 1820 1634 fibi
1852 1578 2033 1642 velint,
2059 1577 2312 1652 nesciant3
2354 1583 2505 1638 nouit

652 1730 783 1771 vero
812 1708 953 1765 idem
985 1705 1079 1762 suo
1119 1721 1170 1761 et
1203 1706 1340 1760 iusto
1370 1721 1614 1778 ternpore
1645 1704 1942 1777 deprimere
1982 1702 2113 1758 altos
2149 1703 2361 1758 illorum
2395 1703 2497 1778 spi-

652 1840 815 1897 ritus,
875 1834 964 1906 qui
1003 1847 1133 1885 vana
1172 1829 1372 1902 specie,
1416 1847 1541 1884 cum
1573 1826 1856 1884 cerebrum
1888 1843 1995 1882 non
2034 1825 2276 1887 habeant,
2313 1824 2498 1884 fallunt

653 1956 1010 2033 improuidos,
1051 1957 1201 2009 nouit
1239 1957 1291 2008 in
1327 1956 1504 2027 aprico
1550 1970 1750 2028 ponere
1806 1949 2003 2007 nudam
2042 1948 2254 2006 illorum
2312 1950 2495 2026 super-

648 2086 818 2145 biam,
859 2081 1146 2136 monstrare
1181 2079 1279 2138 his,
1310 2077 1436 2157 quid
1467 2095 1520 2132 et
1571 2093 1828 2150 quantum
1856 2076 1949 2129 illis
1983 2073 2129 2134 desit,
2160 2072 2348 2130 docere
2378 2092 2497 2149 gra·

647 2211 781 2266 viter
816 2204 968 2283 aiios,
1009 2219 1289 2275 quousque
1340 2198 1624 2273 progredi,
1673 2198 1709 2253 fi
1746 2195 2064 2257 voluisient,
2115 2196 2397 2271 potuissent
2442 2215 2495 2269 et

644 2346 863 2390 monere
898 2326 1023 2381 alios
1046 2361 1059 2387 ,
1095 2325 1255 2380 velint
1291 2324 1486 2385 nolint,
1519 2326 1593 2379 vti
1643 2323 1905 2398 deponant
1943 2324 2154 2377 nimiam
2187 2321 2253 2376 de
2292 2320 2341 2376 se
2375 2324 2493 2397 opi-

643 2459 883 2514 nionem,
925 2453 998 2506 vti
1023 2449 1285 2523 inspiciant
1313 2451 1367 2503 in
1403 2448 1526 2517 alios
1561 2447 1635 2510 se,
1684 2450 1922 2509 omnium
1962 2446 2187 2506 iudicio,
2224 2445 2380 2520 longe
2419 2447 2490 2502 fi}-

641 2582 923 2655 pientiores
963 2591 1014 2631 et
1059 2573 1269 2630 modice
1313 2590 1488 2632 tamen
1524 2573 1590 2630 de
1627 2571 1795 2648 seipsis
1835 2570 2140 2633 sentientes,
2182 2571 2254 2626 vti
2298 2569 2489 2627 discant
2527 2597 2535 2601 -

2304 2692 2486 2749 Socra-
