2626 3490
721 328 830 405 'Q
909 330 974 403 )<
1016 350 1051 388 0
1091 328 1157 403 )(
1236 326 1346 404 fi*
1915 352 1949 408 a

116 473 208 516 tem
234 454 535 521 Imperatoris
555 451 713 503 titulus
723 464 739 513 3
788 450 944 518 postea
966 465 1121 502 tamen
1141 452 1188 501 in
1210 452 1542 504 Germanicam
1567 453 1725 506 Caroli
1755 456 1944 523 stirpem

112 556 335 608 destinato
370 553 571 603 fatorum
601 551 767 601 ordine
797 550 1091 603 deriuandus.
1193 552 1259 600 At
1293 567 1515 616 quantam
1542 571 1699 603 rerum
1741 556 1944 622 gloriose

109 655 340 721 gestarum
367 652 524 701 seriem
555 651 818 718 produxere
850 649 1081 699 fortissimi
1107 649 1168 698 illi
1191 665 1248 699 ex
1270 650 1578 715 Capetiorum
1606 653 1742 719 stirpe
1764 655 1946 704 Princi-

114 768 196 818 pes
227 753 403 813 exorti3
448 767 655 815 quorum
681 751 828 799 virtus
861 749 995 798 coelo
1024 748 1245 814 adscripta
1264 782 1277 807 ‚
1320 763 1365 798 et
1395 752 1646 799 aeternitati
1679 752 1937 819 consecrata

69 910 71 912 V
111 848 269 903 seculis
310 849 397 899 suis
440 849 763 908 admirationi,
816 847 1013 915 posteris
1052 861 1207 897 autem
1255 848 1481 897 miraculo
1508 847 1606 898 fuit.
1709 851 1943 903 Vidiffetis

110 962 237 1006 tum,
291 947 541 998 Auditores
560 981 573 1007 2
617 961 689 996 tot
722 945 990 1015 generosas,
1052 959 1124 995 tot
1155 946 1350 996 inuictas
1374 963 1484 1010 pace
1513 946 1728 1012 belloque
1751 951 1939 1012 animas,

108 1019 210 1109 illos
240 1045 408 1110 loquor
437 1046 678 1112 Philippos
692 1045 954 1112 Augustos,
987 1046 1087 1095 illos
1117 1044 1404 1104 Ludovicos,
1440 1046 1542 1117 illos
1572 1045 1611 1094 F
1614 1046 1858 1108 ranciscOS,
1893 1064 1940 1101 et

109 1142 347 1204 Henricos
369 1177 383 1202 ,
433 1145 516 1208 qui
542 1145 745 1194 victricia
776 1145 949 1194 Galliae
969 1144 1083 1193 Lilia
1113 1160 1211 1192 non
1239 1160 1323 1209 per
1352 1144 1595 1225 Eurome
1623 1148 1936 1202 tantum,.sed

108 1257 191 1307 per
222 1256 440 1306 magnam
474 1242 603 1291 Asiae
631 1256 809 1308 partem
845 1258 956 1290 cum
996 1243 1196 1291 maxima
1223 1241 1469 1291 Francicae
1502 1243 1672 1293 Gentis
1703 1243 1820 1294 fama
1849 1248 1938 1296 cir-

105 1322 434 1389 cumtulerunt.
503 1340 592 1388 Sed
622 1340 740 1388 hanc
777 1354 870 1388 tam
900 1342 985 1388 late
1013 1339 1223 1388 diffusam
1248 1341 1486 1404 Majorum
1509 1342 1708 1407 gloriam
1731 1344 1939 1410 longiffi..

106 1452 182 1486 me
205 1435 414 1502 superare
437 1436 558 1487 visus
589 1436 677 1495 est,
721 1453 864 1500 quem
893 1436 987 1485 hoc
1013 1450 1058 1485 et
1086 1436 1322 1504 superiore
1351 1439 1504 1488 seculo
1535 1455 1634 1488 non
1660 1440 1803 1490 Gallia
1836 1445 1936 1493 tan—

106 1546 232 1594 tum,
279 1534 355 1584 sed
386 1534 624 1590 vniuersus
662 1534 756 1584 fere
785 1552 874 1600 qua
909 1549 1032 1601 patet
1069 1536 1217 1586 Orbis
1247 1551 1407 1585 rerum
1438 1536 1621 1587 suarum
1664 1539 1934 1593 moderato-

104 1648 204 1681 rem
225 1634 443 1700 agnouit,
475 1633 746 1684 Ludouicus
771 1634 843 1683 ille
867 1636 1092 1701 Magnu8‚
1127 1635 1315 1701 Regum
1334 1669 1347 1694 ‚
1391 1636 1473 1700 qui
1502 1636 1652 1702 ipsum
1685 1641 1935 1704 praecesse·

102 1743 229 1788 rant,
277 1731 423 1797 longe
468 1733 686 1782 omnium
732 1734 977 1785 maximus.
1081 1733 1195 1783 Hoc
1234 1733 1429 1784 demum
1470 1736 1731 1801 imperante
1768 1742 1931 1804 patuit,

4 1830 8 1874 ’ζ
70 1824 453 1893 ,insuperabilem
488 1829 610 1877 bello
637 1830 726 1877 effe
756 1832 1033 1891 Franciam‚
1090 1833 1285 1882 inuictas
1321 1832 1408 1882 effe
1444 1834 1570 1884 istius
1605 1837 1771 1901 populi
1794 1840 1931 1902 vireS‚

105 1938 247 1986 quern
284 1923 548 1974 fortissimae
579 1940 743 1991 gentes
767 1960 780 1984 ,
844 1928 892 1975 in
941 1928 1078 1992 ipsius
1118 1931 1378 1993 perniciem
1416 1933 1715 1996 conjuratae,
1763 1935 1929 1995 frustra

101 2035 504 2086 oppugnauerant.
573 2023 734 2090 Qam
757 2023 866 2072 laeta
889 2038 990 2072 tum
1031 2025 1373 2090 triumphaba82
1399 2028 1583 2076 Victrix
1607 2030 1784 2090 Gallia,
1815 2049 1926 2084 cum

101 2132 159 2166 ex
190 2114 410 2168 omnihus
441 2120 615 2168 Mundi
647 2122 851 2185 partibus
878 2123 1099 2171 laureatae
1120 2123 1235 2171 Tibi
1268 2124 1444 2173 litterae
1469 2126 1760 2190 aduolarent3
1812 2147 1925 2181 cum

97 2224 169 2265 tot
187 2216 353 2266 excelsi
371 2218 557 2268 Heroes
577 2218 675 2267 Tui
697 2235 822 2268 nunc
845 2235 928 2284 per
952 2218 1224 2284 Hispaniam
1243 2254 1257 2279 ‚
1291 2238 1418 2271 nunc
1444 2240 1528 2288 per
1551 2224 1752 2284 Italiam,
1794 2245 1925 2280 nunc

99 2329 183 2378 per
205 2314 419 2380 Belgium
442 2350 455 2375 ,
501 2332 627 2366 nunc
659 2334 741 2382 per
763 2318 1098 2378 Germaniam,
1133 2334 1179 2368 et
1211 2336 1296 2385 per
1328 2320 1471 2386 ipsam
1511 2323 1716 2394 denique
1752 2326 1923 2378 Barba-

97 2412 214 2460 riem
242 2413 471 2479 Legiones
503 2416 633 2465 Tuas
664 2433 762 2464 non
799 2430 891 2466 tam
921 2417 1170 2478 ducerent,
1211 2434 1352 2484 quam
1386 2436 1626 2486 raperent3
1681 2425 1780 2473 imo
1805 2440 1929 2490 quor

95 2508 298 2560 diuersae
317 2524 540 2562 terrarum
569 2529 718 2579 partes
745 2513 868 2572 sunt,
920 2515 1118 2566 totidem
1140 2518 1446 2568 victoriarum
1481 2520 1702 2584 trophaea
1722 2524 1922 2576 colloca-

94 2622 198 2660 rent
220 2627 235 2671 ,-
294 2626 405 2661 curn
439 2611 754 2679 Augustissimi
786 2613 930 2681 Regis
961 2613 1085 2675 Tui,
1153 2629 1224 2667 tot
1261 2619 1610 2684 prouinciarum
1656 2620 1922 2684 domitoriS,

1039 2714 1095 2765 A·
1120 2729 1142 2773 3
1849 2733 1919 2772 tot
