2624 3444
1175 292 1285 373 'Q
1365 296 1611 371 )(0)(
1687 294 1797 372 a&

558 413 800 474 nabuntur,
833 416 908 465 hos
933 416 1217 481 c.2fibila11dos
1236 420 1415 486 viciffim
1446 420 1536 469 illis
1564 422 1725 469 iterum
1747 437 1831 469 non
1863 422 2035 473 inuitus
2066 425 2277 492 relinquo,
2298 431 2395 495 qui-

557 528 637 577 bus
655 543 788 578 vacat
821 542 861 577 ct
878 531 955 595 qui
976 532 1131 594 iustum
1154 536 1336 591 meritis,
1364 536 1411 583 in
1434 535 1552 581 omni
1577 533 1676 582 orbe
1690 533 1888 598 profecto
1909 535 2063 595 obuiis,
2088 541 2285 604 pretium
2298 541 2395 601 sta-

2617 560 2622 616 ἕ

2616 623 2624 688 f:

556 653 677 690 tuere
698 642 959 703 didicerunt,
974 647 1133 712 quique
1156 645 1447 711 amabiliffimi
1462 644 1627 710 Populi
1651 661 1790 695 mores
1809 658 1851 694 et
1868 648 2103 715 ingenium,
2126 668 2211 700 non
2233 669 2289 701 ex
2297 652 2396 716 fri-

554 756 666 804 uolis
690 756 884 806 aliorum
891 758 1181 823 sermonibus,
1200 776 1286 807 non
1314 775 1370 807 ex
1399 756 1678 823 leuidenfibus
1701 757 1832 807 huius
1860 758 1930 808 vel
1957 760 2071 816 illius
2086 765 2279 832 pagellis,
2310 782 2396 814 non

552 886 610 919 ex
634 873 884 939 inueterata
901 872 1208 938 praeiudicata
1236 874 1447 938 opinione,
1457 870 1541 937 sed
1557 887 1614 920 ex
1643 872 1709 920 rei
1730 873 1934 931 veritate,
1949 890 2005 922 ex
2022 873 2098 940 vsu
2120 871 2162 924 ei
2182 876 2395 942 confitetu-

551 981 651 1032 dine
663 984 867 1050 plurium
892 1001 1111 1035 annorum
1135 1000 1177 1036 et
1184 985 1302 1053 st’rio
1336 1004 1484 1036 rerum
1506 983 1621 1034 illius
1634 983 1781 1047 studio
1817 1002 1981 1035 mecum
2015 1002 2245 1039 nonerunt-

686 1218 911 1286 Expedita
929 1220 1014 1269 hac
1035 1220 1214 1288 duplici,
1230 1239 1340 1289 quae
1359 1220 1429 1270 vel
1451 1223 1572 1271 circa
1594 1219 1732 1271 verba
1754 1235 1796 1271 et
1816 1221 2019 1289 loquendi
2027 1222 2268 1286 formulas,
2292 1228 2392 1292 qui-

549 1333 631 1381 bus
652 1331 750 1397 'olus
773 1334 1064 1396 estSCHOE
1072 1335 1343 1385 PFLINV
1337 1336 1383 1392 S,
1413 1334 1483 1384 vel
1508 1338 1630 1384 circa
1661 1351 1729 1384 res
1755 1333 1812 1383 ab
1846 1333 1937 1401 Ipfi)
1958 1337 2007 1383 in
2029 1335 2215 1386 medium
2233 1339 2392 1389 allatas

543 1448 711 1495 moueri
730 1458 911 1513 poterat
937 1449 1252 1515 controuersia,
1271 1448 1471 1516 paucula
1491 1460 1534 1497 et
1562 1447 1678 1497 levia
1692 1447 1940 1515 supersunt,
1961 1446 2010 1496 de
2037 1449 2194 1515 quibus
2216 1467 2391 1500 monen-

545 1559 628 1610 dus
655 1561 709 1624 cst
740 1561 908 1611 Lector.
982 1563 1036 1611 In
1057 1560 1125 1613 his
1145 1561 1255 1613 illud
1278 1564 1357 1627 esi:
1415 1560 1696 1612 Notularum
1720 1559 2072 1610 adiiciendarum
2092 1563 2316 1630 confilium
2337 1576 2390 1615 vt

524 1664 755 1740 raperem,
785 1693 831 1724 re
872 1674 1126 1735 deliberata,
1159 1690 1255 1726 tum
1279 1676 1331 1726 ob
1355 1677 1470 1726 alias
1499 1675 1662 1740 cauffas
1700 1674 1850 1725 induci
1872 1691 1936 1723 me
1960 1691 2045 1723 non
2061 1675 2254 1741 potuiſje,
2291 1689 2388 1725 tum

541 1801 773 1856 propterea
794 1790 921 1857 quod,
951 1794 1028 1858 qui
1055 1791 1353 1862 Panegyricos
1379 1792 1455 1840 hos
1478 1789 1637 1839 lecturi
1642 1787 1769 1853 ficnt,
1805 1805 1952 1836 rerum
1975 1788 2113 1851 nostro
2137 1800 2179 1836 et
2196 1789 2386 1852 nostrum

538 1903 794 1972 praegressi}
817 1903 978 1970 ficulis
1000 1906 1219 1973 gestarum
1237 1921 1404 1974 gnaros
1429 1906 1676 1970 supponam
1697 1915 1740 1950 et
1746 1902 1791 1967 st
1813 1899 1924 1968 quid
1938 1902 2151 1968 ignorent,
2178 1917 2256 1948 con
2274 1900 2390 1950 ulere

543 2014 594 2064 de
623 2017 706 2066 illis
733 2017 871 2068 libros
893 2031 1124 2085 poterunt,
1149 2020 1293 2067 cuivis
1314 2017 1437 2067 hodie
1462 2016 1635 2075 obui053
1672 2014 1735 2064 ad
1755 2016 2167 2065 Grammaticorum
2187 2029 2291 2060 vero
2314 2014 2386 2063 vel

545 2128 792 2178 Rhetorum
818 2144 1058 2198 praecepta
1089 2133 1181 2183 illos
1204 2134 1387 2200 exigere,
1417 2147 1503 2180 non
1534 2132 1617 2179 mei
1643 2129 1725 2179 otii
1742 2142 1810 2177 res
1834 2143 1910 2176 nec
1937 2142 2054 2177 nunc
2063 2125 2129 2193 fit
2152 2124 2385 2190 necfuerit

544 2260 756 2311 unquam.

661 2472 874 2525 Alterum
901 2473 1014 2526 illud
1029 2477 1108 2540 est.-
1138 2477 1330 2543 Operum
1344 2476 1642 2526 oratoriorum
1666 2475 1836 2524 nomine
1856 2471 1968 2523 hane
1989 2486 2155 2520 omnem
2179 2469 2383 2522 collectio,
2405 2485 2419 2496 ·

551 2605 647 2638 nem
675 2587 987 2654 inscribendam
1005 2607 1081 2641 nos
1096 2589 1327 2658 putavff,
1346 2602 1533 2657 quorum
1558 2602 1707 2640 tamen
1726 2604 1812 2637 non
1834 2587 1914 2655 nifi
1926 2598 2103 2655 partem
2119 2584 2380 2647 constituant

2264 2695 2379 2746 Ora-
2430 2738 2432 2741 ,
