2567 3470
616 326 715 397 36,
1236 316 1345 393 ‘Q
1427 314 1671 390 )(0)(
1749 314 1862 392 st*

615 446 955 515 patrocinium,
994 445 1124 511 quod
1151 446 1407 514 gratilliino
1428 447 1608 512 semper
1629 448 1788 497 animo
1809 447 2082 514 agnoscam,
2117 447 2312 516 egregio
2342 451 2461 504 mihi

621 548 844 598 hactenus
887 563 945 595 ex
977 547 1109 595 omni
1156 560 1283 611 parte
1317 546 1530 611 praefidio
1567 545 1654 596 fuit
1689 534 2075 610 atque'utinam!
2119 547 2363 598 diutiffime
2396 549 2460 601 sir.
2504 559 2507 562 '

618 649 800 697 Auctus
827 645 890 694 est
920 643 1130 709 quotidie
1153 644 1229 694 hic
1253 660 1358 695 tuus
1382 663 1489 713 erga
1515 663 1589 696 me
1614 645 1773 703 fauor,
1810 647 1941 694 cuius
1978 662 2159 696 nouum
2194 665 2342 713 nuper
2377 648 2467 700 do·-

617 759 895 795 cumcntum
936 743 1072 793 edere
1103 739 1312 803 voluisti,
1349 762 1459 794 cum
1495 745 1625 809 quod
1663 745 1880 793 ultimum
1905 745 2019 793 Tibi
2051 760 2266 795 curarum
2299 761 2466 798 morta-

615 846 729 895 lium
762 843 871 901 fuit,
906 845 1021 892 Tuo
1044 842 1262 910 suffragio
1292 845 1590 894 Lutetianum
1614 843 1859 892 excursum
1896 844 2010 891 mihi
2038 861 2343 910 praeparares,
2378 845 2462 911 qui

617 959 773 996 tamen
799 943 1011 1010 singulari
1046 943 1213 991 iteruin
1244 943 1334 991 fato
1359 942 1635 992 interuerstis
1657 943 1751 1001 est,
1788 943 1917 1007 quod
1945 958 1990 991 et
2017 943 2184 992 Tuum
2211 946 2299 992 iam
2322 944 2462 1011 longe

618 1044 788 1095 tristius
811 1043 957 1091 fatum
984 1041 1105 1106 proh
1131 1023 1291 1091 dolor!
1328 1044 1511 1107 excipit.
1612 1044 1676 1091 Ita
1711 1045 1829 1090 inter
1863 1042 1955 1107 ipsa
1987 1043 2087 1091 hacc
2124 1044 2230 1092 Tua
2257 1060 2343 1108 pro
2370 1044 2465 1093 aliis

618 1135 767 1194 officia
797 1142 1003 1207 opprimi
1039 1141 1213 1189 morbo
1248 1142 1453 1205 coepisti,
1485 1156 2017 1208 magnumrexterorum
2057 1141 2291 1196 solatium!
2328 1141 2463 1207 Quid

616 1241 972 1292 redhostimenti
998 1240 1112 1288 Tibi
1149 1256 1237 1304 pro
1274 1241 1410 1289 tantis
1444 1242 1619 1290 meritis
1643 1242 1765 1290 Tuis
1797 1257 1890 1308 ego
1922 1257 2031 1289 cum
2066 1255 2160 1290 tota
2189 1242 2464 1308 peregrino-

614 1358 724 1392 rum
758 1340 958 1390 cohorte
988 1338 1290 1404 rependam?
1345 1340 1481 1389 Nihil
1517 1339 1647 1404 quod
1681 1340 1794 1388 Tibi
1837 1341 2092 1388 tribuamus
2122 1337 2320 1405 superest
2333 1373 2346 1398 ,
2382 1338 2466 1391 nisi

614 1442 689 1506 pia
720 1440 950 1488 mentium
983 1437 1243 1487 nostrarum
1278 1438 1478 1497 oblatio,
1515 1454 1630 1502 quas
1663 1438 1775 1486 Tibi
1813 1455 1939 1487 nunc
1973 1452 2092 1487 totis
2128 1438 2463 1490 consecramus.

613 1538 717 1590 Tot
745 1538 860 1588 Tibi
892 1537 1016 1587 vivas
1045 1537 1221 1586 erexisti
1245 1535 1368 1601 apud
1392 1552 1576 1586 exteros
1601 1537 1762 1586 statuas
1792 1551 1837 1586 et
1859 1539 2102 1586 memoriae
2131 1538 2255 1586 Tuae
2291 1554 2463 1588 monu-

615 1652 797 1696 menta,
836 1650 953 1700 quot
975 1635 1030 1685 ad
1067 1635 1263 1685 Patriam
1299 1652 1537 1701 quemque
1574 1633 1698 1685 ssiam
1730 1637 1820 1684 iam
1853 1635 2055 1685 dimilisti
2079 1651 2123 1685 et
2160 1653 2285 1685 nunc
2310 1637 2462 1688 adhuc

616 1734 882 1786 dimiffurus
917 1749 965 1783 es
987 1767 1000 1792 2
1042 1735 1116 1783 vel
1152 1734 1400 1784 Heliconis
1438 1735 1509 1783 vel
1542 1736 1726 1783 alterius
1767 1735 1918 1784 saltem
1957 1752 2142 1801 magnae
2175 1753 2257 1800 per
2296 1736 2461 1788 orbem

616 1833 842 1884 societatis
884 1832 1054 1891 CiueS,
1116 1849 1231 1883 rarae
1263 1834 1388 1882 Tuae
1430 1835 1662 1884 comitatis
1694 1833 1996 1884 admiratores
2037 1850 2288 1900 perpetu-os
2326 1850 2461 1901 atque

615 1948 884 2000 praecone83
921 1933 1001 1996 qui
1021 1949 1121 1982 eam
1140 1933 1298 1982 Tuam
1321 1933 1522 2000 gloriam
1546 1934 1593 1982 in
1616 1933 1709 1983 aliis
1739 1947 1874 1984 terrae
1895 1934 2100 1999 partibus
2120 1935 2462 2001 propagabunt,

614 2049 758 2098 quam
790 2031 959 2081 deuota
991 2032 1106 2081 Tibi
1144 2047 1332 2097 pectora
1366 2035 1414 2081 in
1451 2013 1532 2082 his*
1552 2034 1647 2085 oris
1683 2049 1927 2097 nunquam
1971 2034 2200 2083 celebrare
2241 2033 2460 2084 detinent.

615 2131 802 2197 Quodfi
846 2146 1001 2181 autem
1032 2131 1134 2180 haec
1172 2130 1393 2181 Defuncti
1430 2133 1573 2181 nostri
1616 2149 1725 2197 erga
1760 2134 1955 2195 quosuis
1994 2132 2080 2180 fuit
2115 2133 2462 2193 beneuolentia‚

615 2245 783 2295 quanta
813 2230 975 2279 debuit
1013 2228 1101 2278 effe
1129 2229 1200 2278 illa
1232 2232 1414 2288 caritas,
1452 2247 1542 2294 qua
1578 2229 1682 2278 suos
1713 2229 1946 2294 speciatim
1978 2229 2226 2280 arctiffimo
2265 2232 2458 2282 vinculo

613 2329 694 2380 fibi
717 2330 998 2378 coniunctos
1022 2327 1264 2392 ampiexus
1290 2329 1393 2378 est?
1439 2329 1602 2397 Qiam
1634 2328 1859 2377 constanti
1891 2346 1999 2378 cum
2028 2329 2132 2395 ipsis
2163 2331 2270 2383 fide,
2294 2345 2460 2395 quanta
2489 2377 2493 2379 ,

616 2429 783 2495 pietate
806 2427 994 2493 rgebatl
1031 2426 1118 2475 Sed
1142 2426 1261 2476 hanc
1287 2428 1529 2478 Orationis
1557 2443 1734 2493 partem
1760 2429 1967 2477 timidius
2005 2429 2280 2496 aggredior,
2311 2430 2458 2479 Audi-

627 2540 780 2585 tores,
815 2543 1075 2591 vereorque
1099 2543 1185 2586 ne,
1221 2529 1369 2591 quum
1393 2527 1510 2576 mibi
1535 2528 1652 2576 illius
1674 2527 1904 2593 fastigium
1928 2529 2081 2578 verbis
2106 2529 2355 2594 complecti
2383 2528 2462 2577 da·
2484 2589 2485 2592 Ἴ
2540 2564 2543 2596 3

615 2638 720 2677 tum
744 2642 843 2675 non
866 2624 942 2686 sit,
978 2642 1147 2677 eorum
1178 2625 1553 2696 indignationem
1584 2628 1847 2687 incurram,
1880 2630 1962 2694 qui
1994 2629 2105 2679 tanti
2138 2628 2250 2679 boni
2278 2628 2458 2677 delicias

2338 2741 2456 2794 quo-

2399 2946 2418 2953 l
