2567 3470
2439 0 2567 99 Ἷ

618 332 651 380 ε
1229 321 1340 397 'Q
1419 321 1485 396 )(
1525 342 1560 381 0
1598 320 1665 398 ><
1742 320 1854 399 ss

615 447 706 498 Sed
736 460 1030 516 agnouerunt
1057 448 1152 500 hoc
1178 450 1433 517 praesertim
1454 454 1680 513 Romani,
1715 455 1796 518 qui
1828 453 2014 503 salutem
2038 434 2312 522 Principum
2348 439 2450 509 suo.

614 562 747 606 rum,
772 555 1067 614 eorumque,
1103 565 1224 614 quos
1255 552 1446 617 Imperii
1472 551 1636 602 solium
1669 552 1920 618 aliquando
1945 568 2291 621 expectauet·at,
2327 553 2453 606 sum-

615 662 742 695 mam
771 664 991 698 curarum
1010 647 1192 699 suarum
1218 648 1306 700 esse
1327 655 1464 701 toties
1488 653 1694 701 nummis
1723 652 1914 718 aliisque
1943 651 2139 717 publicis
2170 669 2452 717 monumen-

614 745 671 795 tis
699 745 841 796 testati
862 746 979 797 sunt.
1048 749 1254 798 Nullum
1282 762 1437 799 tamen
1456 784 1469 809 ,
1504 750 1781 809 Auditores,
1818 750 1998 799 nullum
2022 751 2068 799 in
2095 763 2189 800 tota
2213 752 2453 802 Romano-

611 859 719 893 rum
743 845 930 897 historia
957 848 1252 907 iuuenimus,
1284 850 1330 897 in
1354 866 1496 914 quem
1520 862 1648 899 tanto
1671 848 1846 908 studio,
1882 862 2010 899 tanto
2045 850 2313 899 animorum
2340 865 2454 900 con-

612 941 736 992 sensu
761 944 990 995 ferebatur
1012 947 1215 1012 populus
1239 948 1496 1007 RomanuS,
1521 965 1662 1013 quam
1693 930 2034 997 Germanicum
2058 945 2308 1001 Caesarem.
2355 948 2452 998 Na-

612 1055 714 1092 tum
739 1043 866 1092 hunc
893 1048 956 1093 ‘ex
979 1045 1135 1096 illustri
1156 1060 1202 1095 et
1224 1045 1418 1096 heroico
1440 1046 1579 1097 Drusi
1602 1045 1821 1114 {anguine
1844 1045 2167 1113 conspexerat,
2203 1061 2248 1096 et
2269 1061 2326 1095 ex
2354 1047 2452 1096 eius

610 1141 806 1204 quidem
844 1142 1064 1210 sanguine
1084 1178 1098 1204 ,
1133 1145 1213 1210 qui
1250 1144 1440 1194 infinitis
1475 1147 1707 1197 virtutum
1739 1145 1994 1213 insignium
2030 1159 2076 1195 et
2107 1145 2229 1195 bello
2261 1159 2307 1195 et
2339 1147 2480 1211 pace'
2555 1181 2559 1190 .

609 1237 840 1291 editarum
878 1241 1175 1293 documentis
1219 1241 1459 1294 summum
1496 1243 1539 1294 se
1574 1241 1762 1294 Ducem
1784 1278 1797 1304 ,
1842 1243 2078 1294 summum
2113 1245 2452 1310 Imperatorem
2492 1273 2495 1275 -
2555 1264 2561 1271 ·

608 1340 714 1388 orbi
747 1342 1089 1408 comprobauit.
1157 1343 1383 1393 Fraterno
1416 1343 1457 1393 is
1488 1344 1680 1394 vinculo
1711 1328 1962 1393 Tiberium
1997 1341 2227 1393 Caesarem
2264 1343 2450 1392 contin-

608 1438 770 1505 gebat,
810 1455 855 1489 et
874 1456 985 1489 cum
1016 1442 1134 1490 inter
1155 1441 1234 1491 alia
1263 1440 1676 1506 splendidissimum
1699 1441 1972 1491 Germanici
1999 1441 2211 1498 titulum,
2246 1454 2455 1505 reporta·

610 1536 667 1585 tis
701 1553 757 1586 ex
793 1537 870 1588 ista
899 1553 1041 1605 gente
1075 1519 1289 1589 maximis
1317 1540 1569 1605 triumphis
1598 1539 1862 1606 accepisset,
1896 1557 1921 1588 e
1956 1539 2113 1588 medio
2149 1532 2451 1589 victoriarum

608 1634 742 1684 cursu
763 1635 862 1687 fatis
885 1651 1072 1703 ereptus
1094 1637 1281 1687 titulum
1316 1637 1443 1686 hunc
1472 1637 1570 1688 filio
1601 1638 1874 1704 augendum
1909 1652 1953 1687 et
1978 1636 2318 1704 perficiendum
2350 1653 2449 1706 non

608 1732 702 1783 fine
735 1735 954 1800 peculiari
989 1735 1501 1802 prouidentiae·diuinae
1532 1735 1724 1787 consilio
1757 1737 1973 1800 reliquit;
2016 1736 2226 1786 deriuato
2259 1750 2448 1800 quoque
2487 1782 2494 1803 .-

608 1832 658 1881 in
691 1833 897 1883 eundem
918 1868 932 1894 ,
976 1851 1087 1883 cum
1122 1835 1285 1885 ceteris
1319 1834 1617 1885 heroicarum
1650 1836 1881 1885 virtutum
1915 1835 2233 1894 ornamentis,
2267 1831 2453 1884 summo

607 1932 772 1997 populi
794 1933 996 1983 Romani
1018 1932 1203 1992 fauore,
1236 1933 1311 1983 sed
1341 1950 1457 1984 mox
1479 1935 1595 1984 ultra
1619 1950 1764 1999 quam
1801 1935 2032 2000 expectari
2055 1946 2260 2000 poterat,
2293 1932 2450 1998 ampli·

607 2028 805 2081 ficando.
874 2032 1024 2082 Cuius
1055 2034 1122 2082 rei
1154 2032 1338 2083 illustria
1370 2033 1518 2083 statim
1553 2032 1657 2100 post
1693 2033 1834 2100 patris
1861 2033 2046 2083 obitum
2079 2034 2270 2081 extitere
2302 2030 2473 2081 docu-.

606 2143 775 2180 menta.
844 2131 1105 2181 Videbatur
1128 2132 1256 2181 enim
1280 2132 1485 2197 popuius
1517 2133 1777 2190 Romanus,
1808 2145 1880 2180 tot
1912 2146 2033 2180 raras
2067 2130 2209 2180 animi
2238 2129 2371 2180 dotes
2401 2129 2449 2180 in

607 2240 736 2277 tanto
758 2230 971 2294 principe
993 2242 1308 2287 veneraturus,
1330 2244 1498 2278 omnes
1511 2227 1606 2278 suas
1631 2229 1677 2277 in
1703 2245 1761 2278 eo
1785 2227 2053 2288 extollendo
2073 2230 2198 2277 vires
2218 2226 2466 2286 exeruiffe,·

534 2392 536 2394 ‚
607 2339 745 2390 atque
770 2341 974 2392 receptas
1002 2323 1294 2392 superiorum
1321 2341 1594 2392 temporum
1617 2327 1746 2395 leges
1775 2341 1821 2376 et
1849 2325 2206 2376 consuetudines
2228 2325 2336 2376 ideo
2357 2338 2448 2376 tan-

607 2437 710 2474 tum
732 2422 968 2485 sustulisse,
1005 2440 1057 2474 ut
1078 2425 1234 2492 dignis
1263 2425 1608 2476 Germanicum
1642 2424 1905 2475 honoribus
1926 2425 2273 2475 condecoraret.
2322 2424 2451 2474 Hinc‘

609 2524 936 2587 quinquennio
976 2538 1343 2597 antequamper
1381 2525 1507 2592 leges
1550 2525 1730 2583 liceret,
1764 2524 1924 2574 collata
1960 2525 2006 2573 in
2044 2540 2154 2573 eum
2187 2521 2448 2590 Qaestoria

609 2621 810 2691 dignitas
822 2657 835 2683 ,
869 2625 1051 2689 primus
1081 2625 1178 2677 eius
1201 2623 1484 2690 capessendae
1504 2623 1795 2691 Reipublicae
1829 2622 2028 2692 gradus,
2061 2636 2172 2690 quae
2196 2636 2334 2680 mOX,
2369 2636 2448 2672 ne-

1563 2716 1567 2720 ’
2278 2718 2449 2788 'glectis

972 2776 993 2788 Ο
