2503 3444
669 294 1300 374 QJ<0><ss
1840 324 1914 381 79

0 175 4 206 ι

0 303 7 481 i
77 425 267 492 spiceret
291 422 414 488 ⁴vitae
449 420 528 469 vix
576 415 668 484 ipse
699 417 907 467 habebat.
990 421 1055 468 At
1088 435 1264 485 magno
1300 420 1531 470 historicae
1557 424 1736 475 veritati
1759 430 1914 493 praefi-

78 522 156 572 dio
186 534 386 583 utraque
413 517 515 567 haec
545 516 681 566 seruit
715 517 1012 581 Scriptorum
1046 516 1183 567 factio
1205 551 1218 577 ,
1254 519 1536 582 Auditores;
1586 522 1618 572 fi
1649 540 1705 572 ex
1735 528 1912 580 infenso

39 593 294 685 'scriptore
326 616 504 674 laudes,
541 631 598 664 ex
627 631 846 681 praecone
879 615 1109 680 vituperia
1141 615 1375 690 desumaS‚
1408 620 1586 670 veritati
1617 621 1740 673 haud
1773 626 1915 680 dubie

77 717 234 788 litabis.
304 718 496 765 Secutus
534 713 651 764 hanc
686 714 810 764 viam
839 712 903 762 est
938 713 1127 779 insignis
1152 715 1374 764 Historiae
1396 716 1629 768 Bauaricae
1661 722 1916 788 Conditor,

76 814 351 869 Aventinus.
419 813 499 862 Ille
535 812 731 862 Henrici
752 812 836 860 IV.
876 811 1174 877 Imperatoris
1205 813 1442 864 historiam
1468 817 1778 881 expositurus,
1818 837 1914 876 tam

10 902 11 905 Ἴ
62 911 246 964 'diuersa
278 910 560 977 scriptorum
593 911 669 959 vel
699 911 746 959 in
777 912 1038 976 Imperium
1068 911 1143 960 vel
1178 912 1227 961 in
1259 913 1582 963 Sacerdotium
1624 916 1766 968 studia
1804 939 1915 974 cum

49 983 484 1068 animaduertisset,
520 1007 823 1059 conciliandae
857 1009 1169 1059 contrarietati
1202 1027 1260 1062 ex
1295 1010 1507 1064 hostibus
1537 1015 1737 1068 Henrici
1766 1021 1915 1072 virtu-

75 1123 165 1170 τες,
199 1125 256 1159 ex
277 1107 589 1160 laudatoribus
610 1106 819 1159 eiusdem
845 1108 955 1159 vitia
977 1106 1223 1174 descripfit.

202 1307 294 1358 Sed
317 1307 433 1371 quid
448 1291 662 1372 ‘denique
697 1306 755 1378 de
788 1305 1020 1371 frequenti
1045 1306 1328 1373 scriptorum
1360 1308 1409 1358 in
1436 1311 1632 1375 patriam
1663 1314 1816 1367 studio
1845 1318 1918 1369 di-

76 1406 268 1456 cemus?
301 1405 503 1456 damnati
534 1386 673 1454 huius
702 1405 898 1454 maculae
926 1405 1113 1463 Graeci,
1148 1404 1354 1455 damnati
1377 1406 1539 1457 Latini.
1609 1411 1770 1477 Quam
1805 1432 1916 1481 pau.

74 1520 154 1555 cos
176 1503 710 1554 ceterarumnationuan
743 1502 1008 1553 Historicos
1043 1502 1146 1552 haec
1185 1519 1285 1553 non
1322 1503 1482 1555 infecit
1508 1510 1772 1577 contagio?
1807 1515 1918 1566 Ma-

73 1603 222 1653 culam
251 1602 371 1653 hanc
396 1601 676 1668 Thucydidi
708 1617 851 1651 nemo
883 1603 1058 1661 inurat,
1091 1602 1345 1668 gentilibus
1378 1602 1467 1653 suis
1498 1605 1562 1654 ob
1588 1606 1636 1655 id
1665 1608 1816 1675 ipsum
1844 1615 1917 1664 in-

74 1699 170 1750 viso
192 1734 206 1760 2
241 1700 373 1765 quod
409 1701 608 1748 nimium
641 1699 865 1748 virtutem
907 1700 954 1747 in
995 1698 1126 1748 hoste
1168 1699 1383 1750 laudauit.
1467 1703 1671 1769 Polybio
1692 1739 1707 1760 ‚
1742 1709 1920 1772 Dioni,

72 1798 348 1855 Plutarcho,
382 1797 606 1846 Suetonio
628 1812 772 1846 nemo
803 1796 1105 1864 denegauerit
1135 1797 1403 1849 candorem.
1471 1800 1545 1850 Ex
1576 1807 1918 1862 recentioribus

73 1895 273 1955 Baconi‚
307 1896 510 1955 Grotio,
533 1894 755 1953 Thuan0,
790 1895 1129 1945 Guicciardino
1153 1912 1252 1946 non
1277 1897 1405 1946 idem
1430 1897 1464 1946 fi
1495 1901 1667 1952 tribuas
1691 1904 1919 1972 elogium,

74 1993 123 2044 in
143 1990 381 2044 tantorum
413 1995 626 2042 virorum
655 1980 814 2043 manes
847 1993 1045 2042 iniurius
1078 1994 1287 2044 videaris.
1329 1994 1673 2050 ,In'bellorum
1716 2002 1919 2056 Punico-

74 2107 179 2142 rum
211 2092 415 2141 Historia
443 2091 699 2140 fautoribus
730 2091 1058 2158 Pyrrhonismi
1092 2091 1300 2142 historici
1328 2094 1568 2147 Mothauo
1592 2099 1834 2165 VayeriO,
1872 2119 1922 2156 et

76 2188 238 2258 Baylio
274 2188 473 2256 suspecta
510 2188 574 2238 est
614 2184 938 2239 Romanorum
960 2223 974 2249 ,
1016 2190 1188 2257 gloriae
1224 2191 1316 2241 {uae
1360 2193 1500 2242 nimis
1542 2194 1918 2264 insermendum,

79 2288 299 2346 narratio,
333 2305 357 2338 a
380 2304 470 2352 qua
500 2287 643 2353 longe
667 2286 894 2338 diuersam
919 2289 966 2337 in
990 2289 1173 2348 Poenis,
1209 2288 1240 2338 fi
1268 2272 1578 2355 *superessent2
1613 2295 1921 2363 scriptoribus

22 2436 31 2439 N
79 2386 396 2450 reperiremus.
465 2385 690 2450 Polybius
722 2385 815 2450 ipse
846 2385 1020 2437 diuersa
1054 2387 1112 2436 de
1148 2387 1275 2438 bellis
1314 2389 1385 2439 his
1415 2361 1648 2443 iradidiffe
1681 2413 1916 2450 memorat

79 2480 270 2532 Fabium
293 2497 428 2548 atque
453 2482 704 2532 Philinum.
772 2483 953 2534 Omnia
974 2498 1097 2536 recte
1120 2485 1271 2537 feciffe
1298 2488 1685 2556 Carthaginenses
1713 2495 1793 2546 vifi
1812 2495 1916 2550 sunt

82 2577 285 2643 Philino,
316 2581 484 2633 Fabius
508 2580 558 2630 in
580 2579 754 2633 diuersa
778 2580 981 2633 disceffit.

1746 2690 1912 2743 Confi-

14 2639 22 2943 ξ

17 2947 23 3096 ἰ

19 3127 25 3254 ἓ

0 3268 220 3444 μ
