2503 3444
8 2538 13 2608 ⁴-—
6 1265 13 2496 —-*Wfflmwffl
4 485 12 1253 -----—-·--.-0-—-—---——-—---——

658 238 1421 361 Q><0><ss
1794 307 1898 362 191

64 414 234 467 abauus
244 410 371 469 tuusss
395 407 561 459 terrere
582 399 804 464 aemulos',
841 419 884 455 et
908 408 1131 472 potentiae
1155 406 1246 456 suae
1276 407 1559 461 documenta
1581 408 1689 461 dare
1714 410 1898 480 sategit:

63 511 162 563 hoc
189 511 271 560 tibi
295 522 492 575 magnus
512 505 716 557 Genitor
740 503 920 554 nonnisi
956 505 1120 555 ludum
1155 507 1391 556 velitarern
1428 506 1514 557 esse
1546 509 1720 569 voluit,
1756 511 1899 562 Gallis

61 610 320 672 exterisque
351 605 533 655 delicio.
604 602 781 668 Quodfi
814 618 857 653 te
892 617 1045 653 tamen
1078 621 1134 654 ex
1170 606 1423 655 umbratica
1454 605 1539 655 hac
1570 608 1726 657 martis
1750 607 1901 661 schola

62 707 118 759 ad
145 723 268 755 arma
291 704 434 754 fatalia
455 703 670 753 Nemefis
692 702 937 767 aliquando
960 718 1162 760 vocaret,
1199 704 1357 754 Deum
1383 704 1722 758 immortalem!
1760 725 1901 772 quan-

61 818 106 856 ta
129 806 193 853 tui
217 804 366 852 futura
397 802 460 851 est
482 801 651 867 species
670 836 682 860 ,
718 819 827 850 cum
853 816 901 850 tu
928 803 975 850 in
1009 804 1183 868 patenti
1218 803 1295 851 illo
1326 802 1492 870 glorioe
1512 795 1691 869 >campo
1720 806 1899 857 iuuenis

63 917 108 952 et
142 904 331 951 martius
366 901 503 949 heros
539 900 778 965 paludatus
812 899 1041 949 videberis
1069 917 1080 961 3
1130 918 1241 950 cum
1274 915 1322 950 tu
1356 901 1493 959 valla,
1529 904 1819 954 munimenta
1857 920 1902 956 et

57 1016 256 1068 aggeres
280 999 425 1049 audax
453 1015 742 1064 perrumpes,
765 999 1021 1047 cumulabis
1047 999 1251 1048 hostium
1273 999 1572 1049 cadaveribus
1597 1000 1746 1061 fossas,
1769 1020 1900 1053 euer-

62 1112 129 1149 tes
154 1099 351 1156 moenia,
385 1112 430 1145 et
456 1113 608 1146 nouus
632 1098 912 1147 Poliorcetes
937 1099 1096 1164 magni
1126 1100 1426 1163 Imperatoris
1450 1114 1649 1158 munus,
1684 1100 1776 1165 ipsa
1811 1101 1900 1152 stu-

51 1211 202 1262 pente
234 1195 422 1244 Bellona
443 1229 456 1253 ,
491 1196 717 1260 implebis
786 1197 915 1246 Dent
947 1198 1030 1245 tibi
1067 1195 1240 1261 superi,
1277 1212 1328 1245 ut
1359 1212 1403 1246 et
1436 1212 1535 1246 tum
1570 1198 1652 1247 tibi
1684 1198 1735 1248 fit
1766 1199 1901 1250 ludus

65 1295 287 1358 victori-33
324 1307 374 1341 ut
399 1293 551 1341 hostes
577 1292 631 1341 ad
654 1294 940 1358 accipiendas
979 1296 1170 1344 victoris
1200 1295 1326 1361 leges
1359 1310 1409 1346 tu
1437 1296 1644 1347 ludendo
1689 1296 1899 1351 reducas,

66 1390 226 1459 Quam
249 1391 375 1439 facile
397 1406 496 1438 tum
526 1391 719 1439 heroem
756 1405 803 1439 tu
828 1392 1016 1451 indues,
1053 1395 1134 1456 qui
1159 1411 1274 1457 puer
1299 1396 1389 1442 iam
1422 1396 1666 1456 pueritiam
1696 1412 1902 1455 exueras,

67 1487 247 1538 induisti
280 1490 526 1537 iuuentam.
597 1489 800 1553 Quantis
824 1504 867 1560 te
899 1505 999 1539 tum
1033 1491 1260 1557 plausibus
1290 1491 1537 1551 reducem,
1570 1493 1791 1561 sanguine
1815 1494 1902 1545 ho-

53 1575 149 1636 ‘stili
169 1602 212 1635 et
248 1588 516 1651 triumphali
543 1587 733 1651 puluere
758 1587 1036 1654 respersum,
1069 1590 1215 1640 ouans
1245 1606 1518 1657 recepturus
1545 1592 1608 1641 est
1636 1593 1795 1655 Pater3
1835 1611 1904 1644 re-

68 1676 255 1748 ceptura
278 1685 448 1745 Gallia;
483 1687 530 1732 in
561 1700 605 1733 te
627 1686 900 1736 Clodoueos
931 1689 1054 1747 illos,
1093 1690 1333 1739 Martellos
1357 1700 1402 1738 et
1432 1689 1630 1741 carolos
1653 1691 1800 1742 visura
1829 1711 1901 1744 re-

67 1780 266 1830 diuiuos.
336 1785 398 1830 At
431 1782 580 1830 laetior
612 1800 684 1841 ea,
721 1785 1049 1847 paludamento
1086 1785 1298 1850 deposito
1321 1778 1336 1845 ›-
1368 1788 1422 1838 ad
1462 1803 1672 1854 paternas
1704 1805 1748 1841 te
1779 1794 1904 1857 pacis

69 1894 186 1929 artes
214 1878 485 1927 redeuntem
519 1878 726 1943 aspiciet3
760 1881 939 1946 aspiciet
972 1898 1212 1949 togatum,
1249 1887 1434 1950 populis
1460 1890 1626 1951 pacatis
1652 1890 1750 1939 iura
1774 1889 1903 1940 datu-

68 1993 198 2034 rum,
233 1981 397 2025 exteris
430 1978 664 2041 exempla,
701 1979 949 2042 posteritati
979 1981 1221 2041 miracula‚·
1256 1983 1437 2047 aspiciet
1472 1998 1514 2032 te
1546 1988 1714 2035 artium
1749 2004 1800 2036 ac
1830 1988 1901 2037 lit-

70 2087 271 2124 terarum
295 2075 506 2124 statorem
537 2093 582 2125 et
612 2092 927 2139 protectorem
959 2077 1229 2146 gloriosum.
1300 2080 1415 2140 Sed,
1439 2099 1536 2147 quo
1561 2100 1661 2134 mea
1684 2101 1761 2134 me
1785 2087 1904 2152 rapit

71 2172 119 2221 in
141 2173 428 2238 Delphinum
454 2175 628 2238 pietas?
662 2175 925 2225 Auditor.es
997 2178 1076 2226 Ille
1111 2178 1355 2228 enimuero
1387 2183 1674 2247 praecipuam
1693 2183 1901 2235 Ludoui-

74 2271 214 2319 cianae
245 2275 426 2320 Domus
464 2272 681 2322 felicitatis
714 2290 892 2339 pattern
928 2278 1214 2342 componit,
1263 2279 1320 2328 ab
1353 2280 1449 2329 eius
1477 2280 1634 2331 indole
1666 2285 1905 2350 genioque

75 2367 255 2434 publica
283 2369 394 2417 olim
418 2364 486 2417 tot
507 2372 719 2437 gentium
747 2374 963 2436 pendebit
988 2374 1186 2424 felicitas.

208 2469 348 2514 Arcet
389 2483 412 2515 a
443 2467 667 2516 Francico
702 2469 885 2535 sceptro
926 2473 1113 2538 Regum
1153 2472 1263 2523 filias
1298 2474 1371 2524 lex
1403 2475 1611 2525 Franciae
1648 2478 1815 2540 Safica,
1847 2481 1903 2531 ab

76 2561 172 2628 ipso
202 2564 544 2631 Merouingicae
574 2567 720 2633 stirpis
753 2569 935 2620 stabilita
956 2570 1166 2620 exordio.
1236 2572 1372 2640 Regii
1402 2573 1663 2642 Principes,
1700 2577 1746 2627 in
1774 2578 1909 2645 spem

1781 2678 1885 2746 galli
1896 2710 1907 2717 -
