2503 3444
693 340 803 418 *Q
880 343 946 418 )<
986 365 1021 403 0
1059 342 1124 417 )(
1202 340 1311 418 affl
1804 368 1909 425 331

88 487 176 527 tur.
256 473 391 524 Extat
420 471 531 520 haec
560 471 682 536 apud
709 472 995 521 THOMAM
1031 474 1382 524 Rssmssswm
1415 475 1458 523 in
1491 475 1620 544 Epist.
1649 478 1712 526 ad
1734 480 1909 546 Bofium

86 602 133 639 et
160 587 280 653 apud
309 587 357 635 T
372 602 405 634 H
421 601 445 632 E
460 601 491 634 ο
506 602 537 634 D
551 601 582 634 ο
597 601 622 634 R
634 601 665 635 v
677 601 713 634 M
746 585 788 635 R
803 600 827 634 Υ
839 601 863 633 c
876 601 904 634 x
917 601 932 634 1
947 602 979 635 v
992 602 1028 634 M
1066 588 1114 636 in
1152 586 1465 653 Animadvezss
1479 589 1541 638 ad
1570 591 1710 642 Tacit.
1741 607 1786 641 et
1807 595 1909 658 qui-

82 701 192 751 dem
217 701 289 750 his
319 700 497 752 verbis:

143 815 459 865 APOLLINI
526 842 900 854 -----

143 926 662 978 RATIONATORIS
727 925 891 975 HON
893 925 1030 976 ORE

143 1041 396 1092 VSVRVS
429 1039 813 1089 SECVNDVM

141 1154 526 1207 CORNELIVS
565 1153 779 1203 VERVS
814 1152 1109 1204 TACITVS

140 1269 384 1320 EREXIT
422 1267 871 1318 MONVMENTI
905 1267 1109 1318 LOCO.

81 1389 141 1434 At
173 1359 230 1431 rie
254 1382 424 1431 Tacito
449 1381 689 1432 Historico
723 1383 841 1431 hanc
873 1383 1067 1447 intelligi
1111 1397 1208 1430 non
1241 1380 1366 1446 posse
1405 1379 1752 1448 inscriptionem
1775 1382 1904 1434 facile

77 1511 216 1564 patet,
251 1513 359 1546 cum
383 1495 542 1551 nullibi
572 1497 729 1543 VER1
774 1497 966 1543 nornine
986 1495 1238 1559 appellatus
1264 1496 1452 1559 legatur.
1523 1496 1752 1553 Alteram,
1789 1513 1906 1559 quae

75 1611 132 1662 ad
153 1609 642 1676 eandemrdignitatem
673 1610 843 1657 Tacito
879 1607 1159 1657 afferendam
1196 1606 1507 1670 producitur,
1548 1605 1906 1673 Inscriptionem

74 1725 178 1775 heic
216 1741 312 1773 non
333 1725 598 1790 allegamus,
635 1738 743 1770 cum
775 1720 864 1786 ipsa
885 1722 1088 1770 novitate
1120 1719 1192 1769 sua
1220 1719 1261 1768 se
1288 1719 1415 1769 facile
1443 1719 1623 1784 prodat.
1725 1721 1905 1788 Allega-

27 1895 37 1901 ,
74 1843 175 1889 t'um
197 1854 313 1887 vero
334 1818 391 1886 ex
412 1837 448 1885 Ρ
465 1853 490 1884 L
506 1853 519 1884 ι
536 1846 658 1885 Nlo
677 1836 835 1885 locum
861 1836 1055 1884 minime
1086 1834 1143 1883 de
1169 1835 1345 1893 Tacito,
1376 1834 1627 1883 Annalium
1652 1834 1904 1899 Scriptore,

71 1951 425 2020 intelligendum
469 1949 558 1999 efle
595 1949 686 2015 ipsa
725 1951 843 1999 inter
882 1948 924 1998 se
963 1948 1123 1998 collata
1156 1962 1426 2013 temporum
1469 1949 1586 1997 ratio
1619 1947 1872 1998 manifestat
1886 1966 1903 2011 3

73 2083 185 2116 oum
216 2068 334 2115 inter
355 2066 508 2115 Taciti
530 2065 883 2114 matrimonium
917 2077 961 2112 et
990 2062 1126 2111 Plinii
1154 2061 1358 2112 Secundi
1388 2063 1573 2112 obitum
1606 2063 1772 2111 vnicus
1803 2076 1902 2112 tan-

71 2194 171 2231 tum
211 2178 508 2228 intercesserit
544 2195 689 2228 annus
714 2212 728 2233 ,
784 2192 923 2242 atque
968 2176 1084 2227 adeo
1117 2177 1311 2226 Tacitus
1347 2177 1460 2225 vivo
1500 2176 1651 2226 Plinio
1691 2175 1905 2226 adultum

34 2290 40 2295 ’
73 2294 241 2344 habere
261 2292 408 2343 filium
437 2310 534 2343 non
558 2293 790 2358 potuerit,
840 2290 970 2356 quod
996 2290 1229 2340 Historiae
1255 2290 1492 2338 Naturalis
1518 2290 1729 2354 Scriptor
1749 2302 1904 2338 tamen

76 2407 293 2474 defignat,
330 2407 523 2471 quando
546 2407 630 2458 ait:
670 2404 752 2472 Jpst
770 2421 845 2454 nos
866 2403 1039 2471 pridem
1063 2403 1256 2455 vidimus
1277 2403 1420 2454 eadem
1440 2404 1586 2452 omnia
1610 2406 1656 2451 in
1669 2401 1773 2463 filio
1799 2401 1903 2451 Cor-

75 2521 179 2570 nelii
210 2522 370 2579 Taciti,
400 2521 581 2587 Equitis
601 2521 810 2578 Romani,
836 2518 1010 2569 Galliae
1027 2518 1231 2587 Belgicae
1253 2520 1444 2567 rationes
1459 2517 1763 2583 procurantis,
1785 2531 1902 2580 quae

76 2635 216 2685 alium
239 2635 370 2701 plane
400 2633 676 2687 Cornelium
698 2634 922 2684 Tacitum
958 2632 1061 2683 heic
1089 2631 1442 2700 intelligendum
1460 2629 1548 2680 effe
1570 2628 1901 2680 demonstrant.

990 2715 1039 2764 T
1057 2729 1074 2764 t
1110 2732 1138 2766 2
1715 2711 1899 2760 Mirum
