2567 3470
651 1543 812 1593 matris
847 1545 1069 1598 uberibus
1108 1550 1280 1614 primas
1321 1549 1575 1622 alteiasque
1619 1558 1877 1626 disciplinas
1918 1583 2095 1634 magno
2137 1588 2247 1624 cum
2282 1580 2509 1658 applausu,

651 339 724 396 30
1261 329 1372 411 'Q
1452 334 1518 410 )(
1557 359 1593 397 0
1637 339 1702 414 )(
1779 340 1892 418 .ss

649 448 894 514 patrocinii
925 449 1206 518 implorandi
1228 454 1416 510 facultas
1440 460 1561 528 ipsi
1550 479 1641 514 iam
1664 463 2141 527 adeffet.1udiearet
2171 477 2254 537 ita,
2293 470 2492 538 Audito-

648 564 748 607 reS‚
781 551 992 616 quisquis
1021 554 1332 619 prouidentiae
1353 558 1566 611 diuinae
1553 579 1742 631 ignarus
1768 565 2082 624 destinationis
2107 577 2300 630 coelestis
2324 583 2421 634 vias
2442 586 2489 639 in

649 649 746 698 aliis
769 662 813 698 et
837 651 1020 718 magnis
1043 653 1296 719 praesertim
1319 657 1593 713 hominibus
1615 663 1830 715 nondum
1856 669 2196 731 animaduertit.
2259 673 2504 737 Redactusi·
2538 710 2555 746 e·

649 748 698 797 in
722 748 850 798 hunc
875 749 1039 801 statum
1072 752 1338 808 Defunctus
1367 759 1546 821 nostei,
1579 777 1632 813 ut
1665 763 1862 818 insecuta
1896 771 1994 820 eius
2029 774 2222 828 eleuatio
2256 797 2314 832 eo
2345 778 2499 840 maior
2546 816 2557 830 ι.

647 860 784 912 atque
825 849 1041 901 illustrior
1085 853 1347 920 videretur3
1399 873 1450 909 ut
1482 860 1760 928 singularem
1802 865 2098 937 benignitatis
2131 875 2306 930 diuinae
2335 871 2521 939 testem¹

647 959 784 1012 atque
817 964 1184 1003 monumentum
1218 955 1310 1021 ipse
1334 957 1375 1008 {e
1408 959 1563 1025 postea
1585 962 1704 1022 aliis,
1738 963 1872 1016 fimili
1904 968 1998 1021 fato
2022 977 2271 1040 oppreffis²
2308 998 2366 1033 eo
2397 1000 2494 1037 ma-

648 1046 736 1095 iori
759 1063 868 1096 curn
898 1047 1078 1112 fructu,
1112 1068 1170 1102 eo
1201 1056 1366 1107 maiori
1389 1074 1499 1110 cum
1533 1061 1732 1114 efficacia
1764 1065 1812 1115 in
1839 1071 2108 1137 exemplum
2132 1075 2325 1141 sisteret,
2359 1096 2498 1150 atque

651 1160 709 1194 ex
729 1145 814 1196 hac
838 1164 1032 1213 quoque
1061 1165 1188 1216 parte
1210 1155 1380 1222 Magni
1404 1157 1648 1229 Theologi
1672 1179 1846 1217 munus
1864 1168 2088 1236 impleret
2156 1158 2357 1237 Excitati
2379 1199 2497 1251 ergo
2546 1180 2550 1197 ²

650 1259 766 1294 mox
808 1246 1019 1313 undique
1063 1263 1227 1301 tenero
1264 1254 1415 1306 adhuc
1463 1275 1611 1324 puero
1644 1276 1956 1329 patronorum
1999 1275 2212 1335 cumuli,
2248 1280 2330 1344 qui
2368 1281 2496 1335 Eum
2546 1272 2548 1278 ¹

647 1345 1116 1412 Asgenroratenfium
1140 1350 1310 1404 scholis
1341 1358 1642 1410 commissum
1670 1362 1839 1431 insigni
1860 1366 2030 1420 fauore
2065 1375 2325 1441 complexi,

2366 1380 2498 1434 beni·
2545 1390 2551 1442 [ε

648 1444 824 1510 gnitate
845 1462 955 1513 erga
983 1465 1094 1499 eum
1131 1463 1268 1516 atque
1296 1470 1457 1505 amore
1486 1459 1606 1508 inter
1628 1459 1671 1510 se
1705 1477 1878 1514 certate
1901 1467 2193 1527 videbantur.

2265 1477 2337 1528 Ex
2359 1493 2496 1534 tantae

651 1641 1052 1710 admirationeque
1070 1649 1289 1699 omnium
1311 1668 1408 1702 non
1432 1667 1614 1706 tantum
1637 1657 1861 1722 deduxit,
1896 1664 1971 1715 {ed
2005 1666 2151 1720 hausit
2187 1672 2323 1739 plane
2357 1692 2501 1754 atque
2519 1702 2534 1706 ·’

651 1741 925 1806 perdidicit5
960 1745 1020 1794 ita
1044 1746 1240 1812 quidem
1264 1762 1315 1798 ut
1344 1750 1644 1807 fundamenta
1676 1772 1778 1808 turn
1802 1760 1970 1813 futurae
1997 1768 2270 1824 etuditionis
2300 1775 2495 1830 feliciff-
2510 1795 2525 1802 “

652 1854 730 1889 me
753 1856 973 1906 poneret,
1008 1843 1318 1913 secutumque
1349 1864 1566 1918 tempoie
1586 1855 1640 1905 ad
1669 1858 2028 1923 ptaestantiffima
2055 1873 2236 1932 quaeuis
2265 1873 2508 1946 doctrinae,
2534 1896 2535 1900 ’

653 1937 904 2005 specimina
938 1945 1200 2009 promptiff
1186 1963 1310 1998 mus
1341 1949 1463 2001 effet.
1543 1955 1634 2006 Sed
1670 1958 1717 2007 in
1747 1944 1831 2009 iliis
1862 1962 2141 2029 praesertim,
2177 1986 2290 2036 quas
2321 1975 2377 2026 ab
2405 1978 2513 2034 elea

654 2040 809 2104 gantia
842 2054 981 2107 atque
1014 2042 1298 2099 humanitate
1328 2053 1498 2102 merito
1531 2057 1719 2107 vocauit
1748 2059 2021 2125 antiquitas,
2058 2065 2198 2123 literis
2237 2085 2364 2147 tanto
2401 2076 2509 2129 fer·
2542 2101 2545 2107 ·

654 2152 772 2188 uore
797 2139 1046 2192 versatuss
1022 2145 1132 2203 tuit,
1167 2160 1219 2195 ut
1243 2147 1316 2198 sua
1345 2151 1500 2215 postea
1533 2154 1809 2206 eruditionis
1840 2157 2092 2225 spectacula
2120 2182 2217 2216 non
2244 2169 2275 2219 Γ
2261 2188 2337 2221 ne
2371 2172 2518 2228 sum

657 2252 733 2285 ma
759 2237 1046 2289 Auditorum
1072 2243 1356 2296 iucunditate
1381 2247 1487 2297 felix
1520 2255 1810 2305 munerarius
1838 2257 2006 2309 ederet.
2074 2263 2211 2315 Nihil
2240 2285 2386 2334 porro
2423 2259 2507 2326 ab-
2540 2246 2553 2317 3⁴

657 2333 1023 2389 sirufiffimatum
1054 2340 1368 2404 scientiarum
1405 2347 1517 2397 nihil
1544 2352 1932 2407 reconditiffimae
1963 2361 2070 2411 attis
2101 2368 2356 2430 generosus
2387 2359 2532 2449 adm}

659 2432 828 2485 lescens
862 2436 918 2486 ad
951 2440 1125 2491 maiora
1156 2444 1368 2506 quotidie
1401 2445 1579 2499 nisurus
1614 2450 1840 2505 intactum
1879 2472 1956 2508 aut
1991 2460 2264 2518 intentatum
2298 2439 2504 2544 reliquia}
2538 2504 2565 2552 '2

661 2547 705 2582 et
729 2535 808 2583 ubi
844 2537 940 2587 aliis
973 2535 1205 2591 subsistere
1233 2542 1418 2605 datum,
1455 2548 1519 2597 ibi
1553 2549 1730 2601 Noster
1763 2553 1957 2608 demum
1988 2567 2388 2627 opportunitatem
2417 2557 2501 2623 ex·
2546 2560 2566 2622 'f

663 2631 790 2682 celsae
817 2635 986 2687 indolis
1008 2641 1280 2693 exercendae
1303 2660 1487 2708 nactus,
1527 2663 1577 2699 ut
1600 2650 1720 2701 iilam
1744 2651 1867 2706 suam
1892 2657 2155 2714 diuinaium
2179 2664 2362 2719 dotium
2385 2676 2495 2722 coni-1
2559 2667 2564 2679 '¹
