2618 3485
663 369 737 427 30
1254 353 1361 431 Q
1440 353 1506 429 )(
1545 377 1579 414 0
1620 355 1687 430 ><
1764 355 1876 432 ss‘

660 476 845 525 oracula
882 474 1247 528 LVDOVIC
1261 478 1303 525 V
1317 479 1372 539 ὃς
1409 491 1454 527 et
1501 479 1769 546 triumphali
1808 492 1877 529 tot
1913 478 2106 529 fortium
2149 479 2507 541 Heroumf—to't'

660 573 943 633 Procerum,
980 588 1050 624 tot
1073 575 1412 625 confluentium
1437 578 1640 642 denique
1673 595 1729 627 ex
1751 593 1853 628 toto
1876 579 1990 628 orbe
2011 579 2292 646 Magnarum
2324 596 2502 645 pompa

662 671 967 722 circumfusus
996 675 1285 740 populorum
1318 674 1504 725 salutem
1544 676 1838 740 modorum-3
1873 679 1953 742 qui
1987 691 2114 727 tanto
2154 678 2411 744 spectaculo
2439 691 2506 728 at-

661 771 822 829 toniti,
860 788 984 822 nunc
1022 772 1217 823 demum
1255 773 1415 824 vidiffe
1460 774 1502 824 se
1544 776 1768 835 fatentur,
1805 775 1935 841 quod
1973 793 2058 824 nec
2088 775 2506 843 ingeniosaevete-

659 884 766 918 rum
795 870 1047 921 Poetarum
1083 872 1295 923 fictiones
1325 875 1588 940 exprimere
1611 909 1624 934 ,
1659 892 1743 924 nec
1767 877 1924 925 omnis
1951 877 2218 940 Antiquitas
2243 875 2504 941 repraesen-

660 981 753 1018 tare
782 984 1008 1034 potuerat.
1080 972 1242 1041 Qam
1275 973 1356 1022 Tu
1384 971 1489 1022 felix
1517 952 1587 1023 tot
1626 975 1764 1024 rebus
1788 975 2058 1034 illustribus,
2095 975 2269 1033 Gallia,
2303 973 2504 1038 idquod

659 1068 773 1117 olim
797 1069 855 1118 de
889 1070 1108 1136 Augusto
1137 1070 1217 1121 suo
1243 1072 1572 1137 triumphatrix
1598 1074 1749 1123 Roma
1771 1108 1783 1132 ‚
1821 1091 1945 1122 nunc
1986 1073 2044 1121 de
2068 1073 2270 1140 Augusta
2297 1073 2380 1122 hac
2405 1072 2504 1122 stir-

606 1203 607 1206 ,
660 1182 719 1230 pe
741 1166 850 1215 Tua
881 1184 992 1216 vere
1024 1169 1281 1233 praedicas:
1319 1171 1614 1229 Borbonios,
1650 1189 1792 1236 quam
1825 1173 2063 1221 lateritiam
2097 1187 2393 1238 acceperant,
2427 1172 2505 1222 Te

659 1264 904 1327 reddidisse
939 1284 1264 1319 marmoream.
1334 1271 1711 1334 Requirebantur
1741 1270 1959 1338 augendo
1990 1285 2083 1319 tam
2113 1272 2197 1320 late
2233 1269 2400 1320 diffuso
2427 1287 2509 1321 va-

661 1362 831 1412 stissimi
861 1365 998 1414 huius
1022 1367 1176 1432 Regni
1208 1367 1441 1433 splendori
1473 1368 1908 1428 florentiffima-illa,
1946 1371 2116 1433 qulbus
2155 1370 2282 1419 orbis
2315 1372 2506 1439 Vniuer‘·
2542 1419 2569 1426 ,,
2610 1416 2613 1430 ,

661 1460 732 1512 fiis
757 1465 965 1512 certatim
989 1465 1247 1516 lustrandus
1277 1480 1385 1524 erat,
1420 1467 1676 1517 Galliarum
1702 1469 2010 1536 commerci33
2048 1470 2307 1517 maximum
2337 1482 2505 1533 poten-
2571 1533 2577 1541 ι

662 1559 850 1611 tiffimae
891 1563 1196 1613 Monarchiae
1234 1565 1541 1629 praefidium3
1592 1582 1650 1614 ex
1690 1582 1788 1629 quo
1827 1564 1924 1614 suas
1962 1565 2157 1615 demum
2189 1583 2304 1632 opes
2338 1567 2509 1626 metiri,

661 1657 758 1708 suas
788 1659 982 1710 demum
1014 1663 1137 1711 vires
1171 1662 1455 1730 cognoscere
1477 1665 1669 1713 Francia
1707 1666 1876 1730 coepit.
1943 1665 2003 1714 Et
2036 1667 2082 1713 in
2125 1665 2216 1714 hoc
2250 1664 2374 1723 sane,
2411 1672 2509 1716 Au-

662 1758 864 1818 ditoreS,
914 1762 1109 1826 negotio
1152 1760 1424 1827 superarunt
1465 1763 1720 1821 ssorbonii2
1766 1760 1992 1826 quicquid
2034 1764 2302 1812 mortalium
2342 1764 2511 1814 animis

661 1857 947 1907 audaciffima
968 1858 1066 1924 spes
1087 1854 1421 1926 repraesentare
1450 1875 1674 1926 potuerat.
1746 1862 1869 1910 Non
1896 1862 1985 1910 iam
2009 1861 2143 1910 arctis
2167 1862 2384 1927 Europae
2403 1854 2517 1913 fini-i

664 1957 752 2006 bus
776 1958 1112 2025 constringitur
1139 1959 1375 2008 Gallorum
1411 1959 1654 2022 industria3
1690 1977 1788 2009 non
1826 1953 2161 2011 orbistantum
2185 1960 2374 2010 Gallicis
2405 1976 2509 2026 pas-

661 2053 746 2103 fim
783 2057 1103 2106 mercimoniis
1124 2092 1137 2116 ,
1174 2059 1364 2108 Gallicis
1390 2058 1549 2124 paffim
1574 2061 1771 2109 coloniis
1807 2060 2034 2124 repletus,
2065 2059 2138 2107 sed
2171 2058 2394 2122 quicquid
2428 2075 2508 2108 ex-

662 2167 840 2204 tremus
862 2156 1038 2206 Ori-ens
1065 2170 1202 2219 atque
1225 2157 1491 2214 Occidens,
1524 2157 1747 2221 quicquid
1775 2157 2024 2214 Meridies,
2061 2156 2288 2220 quicquid
2310 2158 2516 2223 Septenae'

664 2253 756 2301 trio
778 2253 867 2301 rari
894 2254 1144 2317 eximiique
1177 2254 1432 2318 producit,
1466 2255 1576 2304 illud
1610 2256 1698 2304 iam
1738 2254 1985 2318 frequens,
2021 2254 2130 2303 illud
2167 2243 2258 2303 iam
2291 2254 2511 2325 domestiA

665 2367 775 2399 cum
809 2351 856 2399 in
892 2352 1038 2402 Gallia
1074 2351 1181 2402 effe:
1221 2354 1372 2402 collati
1407 2369 1463 2402 ex
1503 2355 1724 2403 omnibus
1761 2353 1925 2402 mundi
1968 2353 2174 2419 partibus
2216 2353 2423 2404 rarissimi
2454 2346 2521 2404 Αἰηέ

665 2449 907 2499 Franciam
935 2449 1152 2500 thesauri:
1190 2466 1236 2502 et
1267 2453 1488 2504 celebrata
1515 2454 1585 2502 illa
1616 2453 1743 2503 orbis
1775 2454 2017 2517 Vtriusque
2051 2453 2298 2512 miracula,
2333 2454 2379 2501 in
2411 2469 2510 2502 me-

667 2547 739 2597 dia
778 2542 969 2600 videre,
1024 2550 1069 2598 in
1106 2551 1255 2601 media
1291 2553 1446 2609 mirari
1480 2554 1571 2603 iam
1606 2551 1789 2618 pridem
1829 2552 2062 2618 contingit
2106 2551 2266 2603 Gallia.
2371 2550 2513 2615 Quae·

668 2647 827 2698 omnia
859 2660 978 2699 tanta
1024 2648 1234 2702 felicitate
1271 2649 1496 2719 suscepta,
1543 2651 1820 2716 Auditores,
1880 2665 1930 2702 vt
1973 2650 2218 2719 stupefacta
2257 2648 2380 2715 quasi
2417 2647 2511 2713 ipsa

2349 2761 2507 2800 rerum
