2618 3485
559 370 654 411 XVI
1171 349 1281 429 Q
1362 356 1425 428 )(
1467 378 1501 413 0
1542 355 1606 429 )(
1685 357 1796 432 ff·

560 497 620 533 ne
661 481 805 550 regni
848 478 1122 534 Nnmrrae
1162 478 1224 533 ad
1278 481 1447 535 nostra
1489 499 1653 556 Vsque
1701 499 1939 557 tempora
1981 483 2402 553 differtationem5'

560 623 716 678 quam
745 603 974 676 praeside
1000 604 1282 663 KVHNIO
1319 604 1445 668 suo,
1484 610 1574 680 qui
1615 625 1729 662 tum
1770 607 2016 664 vltimum
2059 609 2123 664 de
2148 610 2401 684 discipulo

558 728 772 784 laetatus
813 729 915 789 est,
957 727 1207 785 defendit.
1287 730 1466 786 Elatus
1510 733 1583 786 est
1616 732 1772 806 paulo
1813 733 1927 805 post
1961 734 2276 806 lacrymabili
2315 734 2403 791 fu-

556 869 711 916 nere,
751 855 843 909 suo
871 859 1063 910 merito
1091 855 1430 917 immortalis,
1466 857 1781 916 KVHNIVS
1819 875 1870 913 et
1914 862 2128 914 tertium
2168 861 2402 917 inuitum

556 996 614 1034 ac
654 979 939 1035 luctantem
979 984 1030 1035 in
1077 979 1376 1036 cathedram
1431 981 1646 1037 deduxit
1683 982 2402 1041 SCHOEPFLINVM

495 1107 500 1110 ’
554 1105 740 1177 pietas,
784 1106 1029 1161 vltimum
1053 1104 1371 1162 benefactori
1411 1106 1503 1163 suo
1527 1124 1579 1162 et
1612 1108 1952 1164 tristissimum
1982 1107 2217 1164 officium
2249 1127 2403 1182 prae-

554 1227 798 1283 stiturum
835 1233 1203 1304 praeceptori,
1251 1234 1302 1286 in
1341 1250 1403 1287 eo
1440 1251 1545 1288 vno
1578 1231 1753 1295 felici,
1792 1233 1936 1307 quod
1991 1232 2054 1288 ab
2095 1232 2183 1287 illo
2221 1215 2401 1289 lauda-

553 1351 709 1406 batur
737 1390 753 1414 ,
795 1354 1127 1429 (Ῑιῑεητίρΐε,
1166 1356 1201 1408 fi
1242 1356 1529 1416 debuisset,
1570 1358 1792 1411 laudum
1837 1359 2050 1412 suarum
2089 1375 2400 1431 praeconem

552 1477 902 1535 constituisset.
985 1479 1129 1535 Fecit
1157 1478 1427 1536 ineffabilis
1453 1485 1504 1536 in
1536 1480 1852 1536 defunctum
1887 1485 2057 1537 omnis
2090 1481 2285 1536 ordinis
2309 1480 2397 1538 ho-

550 1604 758 1657 minum
801 1623 950 1660 amor
987 1621 1037 1659 et
1083 1607 1133 1660 in
1178 1622 1441 1661 oratorem
1481 1609 1610 1662 mira
1647 1610 1949 1662 animorum
1997 1607 2301 1668 conuersio‚
2342 1621 2397 1663 vt

551 1742 603 1781 et
625 1726 756 1783 hanc
778 1732 1068 1786 orationem
1092 1733 1192 1787 iam
1235 1749 1347 1788 tum
1373 1731 1570 1807 publici
1607 1735 1733 1788 iuris
1765 1730 1958 1788 faceret
2001 1731 2399 1805 incredibilique

549 1837 792 1910 omnium
829 1855 1083 1910 desiderio
1128 1861 1444 1914 memoriam
1473 1859 1774 1920 KvHNn,
1817 1874 2036 1932 quoquo
2078 1855 2241 1914 modo
2278 1853 2399 1929 pos-l

545 1979 686 2040 ient,
729 1979 996 2036 recolendi
1026 1978 1349 2038 satisfaceret.

702 2208 923 2265 Dandus
951 2224 1059 2264 erat
1094 2210 1379 2269 KVHNIO
1428 2209 1688 2268 successor
1717 2229 1986 2286 quamque
2017 2215 2059 2266 is
2094 2208 2394 2267 cathedram

550 2332 863 2407 reliquerat,
902 2334 1164 2409 implenda
1177 2355 1198 2406 5
1242 2334 1395 2391 datur
1431 2341 1473 2393 ei
1500 2336 1707 2393 decimo
1753 2336 1861 2393 Cal,
1901 2335 2210 2392 Decembris
2253 2336 2393 2393 Anni

548 2458 883 2515 MDCCXX.
929 2464 1155 2518 vnanimi
1213 2463 1432 2519 Senatus
1499 2463 1664 2519 vrbici
1717 2461 2096 2521 etacademici
2146 2458 2391 2545 consensu
2472 2478 2484 2488 ··

548 2584 584 2640 S
602 2583 648 2641 C
665 2585 723 2639 H
740 2585 790 2640 O
804 2586 850 2641 E
864 2586 900 2641 Ρ
914 2587 957 2642 F
972 2586 1021 2643 L
1039 2588 1131 2645 IN
1145 2589 1243 2670 VS
1256 2624 1273 2651 2
1323 2606 1418 2644 nec
1471 2588 1579 2646 dari
1637 2586 1882 2662 profecto
1937 2586 2147 2661 dIgnior
2201 2587 2388 2658 potuit⁴

2155 2708 2387 2766 Nouum
