2618 3485
629 342 701 396 14
990 379 998 386 .
1229 321 1852 402 ’onxss

626 461 765 504 vore,
804 459 925 497 tanta
966 445 1179 498 auiditate
1216 447 1440 514 quicquid
1470 449 1734 500 diuinarum
1763 434 2167 519 humanarumque
2193 470 2348 505 rerum
2380 460 2466 505 c'o-

626 546 829 612 gnitioni
865 546 1132 596 mortalium
1175 547 1442 597 concessum
1469 549 1537 598 cst
1575 551 1842 618 pernagari,
1876 551 1972 599 Tui
2005 552 2139 603 solius
2173 555 2260 612 esl,
2298 556 2465 620 Augu-

627 642 809 692 stissime
838 643 1076 710 Princeps.
1144 647 1492 713 Supergredere
1526 665 1667 713 porro
1692 663 1806 698 tam
1861 650 2074 699 Heroico
2118 654 2296 718 impetu
2338 653 2466 717 spem

628 755 673 790 et
718 755 828 792 vota
863 743 1038 793 Galliae
1072 744 1232 805 Tuae,
1278 747 1379 795 Rex
1414 748 1654 803 Maxime,
1710 762 1754 797 et
1802 746 2044 798 sublimem
2087 749 2211 798 illam
2257 750 2469 801 indolem

629 839 812 900 Tuam,
848 844 1064 892 omnium
1100 861 1257 894 rerum
1302 843 1554 912 capacem,¹
1580 845 1762 895 nonnisi
1799 847 2064 897 coelestium
2114 847 2328 909 auidam,
2372 863 2470 899 tam

628 939 811 989 excellis
835 942 1007 992 artibus
1038 943 1092 993 ad
1118 946 1290 1010 maiora
1320 944 1501 1011 semper
1529 944 1753 1012 effingere
1781 964 1941 1014 perge.
2011 949 2075 996 Ita
2106 964 2287 997 nouum
2317 949 2364 996 in
2388 948 2466 997 Tc

627 1037 877 1089 Phoebum
920 1039 1051 1091 suum
1099 1044 1302 1094 literatus
1359 1061 1552 1110 quoque
1599 1046 1896 1094 venerabitur
1944 1045 2118 1105 Orbis;
2161 1046 2217 1096 ita
2255 1045 2471 1104 Galliam,

628 1135 743 1185 Tuo
775 1138 1035 1201 praesertim
1061 1143 1279 1207 exemplo
1323 1142 1591 1208 superbam,
1628 1157 1808 1193 aeterna
1852 1144 2140 1193 excultarum
2174 1160 2281 1209 prae
2312 1145 2474 1194 omni-

629 1232 718 1284 bus
741 1236 961 1301 gentibus
992 1238 1227 1289 literarum
1262 1242 1672 1308 manebit-gloria3
1705 1243 1763 1291 ita
1786 1241 1886 1307 Ipse
1915 1243 2028 1292 Tibi
2059 1243 2197 1292 Tuos
2224 1243 2473 1307 aliquando

631 1334 848 1384 excitabis
875 1352 1151 1401 praecones,
1188 1341 1271 1404 qui
1295 1341 1481 1406 paribus
1514 1341 1762 1400 Maiestati‚
1790 1342 1975 1407 paribus
2004 1341 2316 1408 m·1gnitudini
2337 1343 2474 1391 Tuae

631 1430 821 1483 dotibus
855 1439 1031 1495 ornati,
1067 1436 1325 1504 fulgentem
1357 1439 1515 1488 Tuam
1546 1441 1666 1488 inter
1707 1439 1848 1490 fidera
1884 1439 2053 1488 famam
2083 1441 2242 1507 dignis
2280 1457 2477 1506 quoque

633 1534 933 1593 aeternitate,
979 1534 1135 1601 dignis
1177 1550 1306 1586 tanto
1346 1538 1607 1588 Monarcha
1655 1539 1914 1603 praeconiis
1970 1552 2107 1603 atque
2152 1540 2477 1590 monumentis
2608 1596 2612 1613 ‹

634 1629 980 1681 consecrabunt.
1048 1634 1280 1684 Tremant
1315 1634 1369 1684 ad
1418 1635 1513 1686 hoc
1551 1637 1825 1702 exemplum
1860 1635 2029 1686 summi
2058 1638 2317 1687 Terrarum
2349 1639 2478 1688 Prin·
2545 1671 2550 1676 -
2610 1618 2613 1643 ἰ

636 1729 790 1794 cipes;
828 1731 909 1780 Tu
956 1748 1072 1781 vero
1116 1733 1193 1798 spe
1249 1734 1358 1784 Tua
1390 1734 1498 1783 felix
1544 1735 1782 1800 triumpha
1826 1736 1996 1797 Gallia3
2033 1737 2108 1784 cui
2143 1736 2255 1785 haec
2291 1738 2479 1788 Aurora

634 1840 817 1876 tantum
846 1830 1003 1879 Solem
1041 1833 1363 1895 praenuntiat.-
1411 1834 1501 1882 Sed
1540 1816 1653 1898 quid
1696 1847 1876 1883 tantum
1910 1833 2205 1899 splendorem
2247 1851 2484 1900 praenun-

635 1926 736 1976 tiari
763 1926 895 1987 dico,
932 1929 1186 1980 Auditores
1210 1965 1222 1990 ‚
1259 1932 1342 1995 qui
1370 1933 1620 1982 maximam
1647 1931 2063 1999 porentiffimarum
2089 1932 2237 1984 Orbis
2262 1934 2483 1999 gentium

637 2040 816 2090 partem
844 2027 934 2075 iam
969 2028 1153 2093 pridem
1190 2029 1236 2077 in
1263 2028 1306 2078 se
1339 2007 1584 2080 conuertit.
1653 2015 1862 2083 Surrexit
1888 2033 1936 2080 in
1964 2032 2313 2080 venerationem
2348 2032 2479 2080 LV-

637 2124 931 2176 DOVICI
975 2127 1150 2184 nostri,
1186 2129 1424 2192 quicquid
1476 2130 1666 2194 Europa
1716 2130 2036 2194 Populorum‚
2089 2130 2304 2195 Regum,
2341 2143 2485 2195 atque
2613 2124 2617 2174 l

639 2222 915 2288 Principum
971 2223 1114 2290 longe
1160 2225 1343 2289 lateque
1386 2217 1612 2276 oste'ntare
1668 2227 1835 2292 potest.
1898 2228 2135 2276 Excitatus
2199 2226 2264 2276 est
2307 2228 2483 2280 vitimis
2614 2227 2618 2266 ἵ

675 2322 980 2385 eptentrionis
1014 2311 1220 2386 partibus
1256 2324 1462 2390 Magnus
1499 2325 1570 2373 ille
1606 2325 1858 2375 Rufforum
1920 2327 2180 2378 Monarcha
2204 2361 2217 2386 2
2249 2341 2293 2376 et
2323 2327 2370 2376 in
2412 2341 2482 2377 te-

644 2436 759 2468 nero
786 2419 936 2469 adhuc
960 2421 1091 2487 Rege
1132 2435 1201 2469 tot
1225 2422 1406 2473 illustria
1437 2425 1664 2473 virtutum
1694 2439 1738 2474 et
1775 2424 1954 2475 futurae
1992 2410 2166 2492 gloriae
2199 2425 2485 2477 documenta

645 2518 840 2583 propius
879 2521 1034 2570 mirari
1077 2522 1382 2589 venerarique
1422 2523 1512 2572 iam
1549 2524 1721 2584 voluit„
1779 2524 1840 2574 Et
1871 2523 2224 2590 splendidiffima
2269 2541 2418 2590 nuper
2456 2539 2485 2576 a

646 2620 938 2683 praepotenti
971 2619 1240 2674 Turcarum
1270 2620 1460 2674 Sultano
1499 2624 1549 2674 in
1572 2622 1770 2677 Galliam
1804 2622 1931 2676 miffa
1967 2624 2187 2693 Legatio,
2222 2638 2362 2691 quam
2387 2624 2487 2688 ple-

2368 2734 2482 2774 num
