2503 3444
710 280 1140 357 *aa->mx
1209 281 1331 354 aa*
1572 324 1577 327 ,
1795 305 1934 359 ψ

94 412 255 481 giffet‚
288 410 377 460 Vir
397 407 460 458 ob
484 404 696 473 egregias
729 403 904 470 ingenii
931 405 1172 468 animique
1185 405 1328 453 -dotes
1363 404 1455 453 vita
1482 404 1704 471 longiore
1717 410 1931 460 omnino

102 508 398 577 dignissimus.
465 505 622 554 Eluxit
651 505 699 552 in
725 502 878 552 vivida
905 505 1003 551 eius
1029 503 1314 567 pulchraque
1337 505 1525 554 iuventa
1550 506 1944 573 'senilisssprude‘nss

101 609 183 665 tia,
218 622 326 654 cum
358 604 460 653 zelo
494 601 658 668 insigni
689 614 734 650 et
769 602 935 665 pietate
961 603 1221 650 coniuncta.
1291 601 1452 650 Eluxit
1480 603 1527 650 in
1567 604 1705 652 rebus
1737 606 1929 671 agendis

99 702 234 754 solers
267 702 512 750 dexteritas
544 700 766 766 sagaxque
800 698 987 748 solertia.
1069 700 1262 748 Alienus
1292 712 1387 747 erat
1419 699 1474 747 ab
1508 703 1639 749 omni
1669 706 1928 769 arrogantia

92 796 144 851 et
180 800 367 848 invidiae
408 800 529 860 labe3
565 798 748 863 publici,
769 798 906 855 boni,
943 797 976 845 fi
1011 797 1259 861 quisquam
1281 830 1295 854 ,
1331 796 1568 846 studiosus.
1655 804 1927 851 Reverentia

97 899 145 947 in
177 898 423 955 Proceres‚
451 897 734 946 humanitate
765 897 811 944 in
851 896 1038 943 infimos
1060 928 1073 953 ‚
1109 896 1154 942 in
1194 897 1370 943 amicos
1409 895 1612 944 candore
1635 929 1650 954 ,
1685 898 1731 945 in
1762 915 1928 950 omnes

88 1012 277 1046 ,amoena
310 995 508 1058 quadam
545 1011 735 1044 morum
778 993 1023 1042 dulcedine
1059 994 1168 1042 nulli
1199 991 1437 1041 secundus.
1505 994 1674 1042 Invicti
1712 996 1929 1048 adversus

92 1094 330 1144 avaritiam
352 1093 496 1143 fuerat
522 1093 663 1142 animi
676 1126 701 1150 ,.
724 1109 888 1141 omnes
922 1089 1026 1141 suos
1062 1092 1108 1139 in
1132 1091 1389 1141 Christiana
1424 1090 1635 1154 sapientia
1667 1095 1928 1146 recondens

98 1190 343 1242 thesauros.
410 1193 465 1241 In
490 1189 718 1256 prosperis
738 1190 1005 1248 humilitate,
1028 1192 1076 1238 in
1106 1187 1304 1238 adversis
1329 1188 1579 1238 constantia
1605 1190 1766 1250 clarus,
1800 1193 1925 1244 irrita

97 1288 400 1348 fincdffimae,
434 1306 576 1353 quam
609 1288 834 1353 professus
863 1288 949 1347 est,
985 1287 1213 1336 doctrinae
1255 1301 1488 1351 praecepta
1526 1287 1809 1349 crediderat,
1842 1291 1925 1343 nifi

86 1403 147 1437 -ea
174 1386 261 1452 ipsa
287 1389 567 1452 exprimeret
594 1385 888 1435 sanctimonia
919 1387 1038 1434 vitae.
1109 1388 1278 1433 Annon
1300 1386 1403 1434 Viri
1437 1398 1531 1433 tam
1561 1387 1765 1435 amabilis
1794 1405 1925 1438 mor-

98 1498 192 1534 tem
225 1486 464 1552 lugeamus
489 1484 702 1534 dolenter
721 1484 746 1533 ?
781 1483 814 1532 fi
846 1482 995 1532 modo
1026 1481 1092 1532 fas
1121 1482 1184 1531 est
1215 1495 1421 1531 mortem
1462 1498 1632 1532 vocare
1657 1515 1672 1542 ‚
1707 1501 1796 1548 qua
1828 1488 1927 1537 eius

85 1585 369 1642 mortalitas,
402 1566 499 1632 non
535 1584 627 1631 vita
659 1580 782 1631 finita
812 1582 887 1630 est.
955 1581 1089 1629 Vivit
1124 1582 1250 1628 enirn
1283 1581 1505 1644 vivetque
1537 1580 1751 1647 semper«,
1786 1599 1926 1650 atque

96 1681 143 1730 in
165 1683 393 1731 memoria
419 1681 669 1730 hominum
702 1693 747 1726 et
778 1678 990 1726 sermone
1011 1677 1287 1735 versabitur,
1322 1680 1627 1741 quantumvis
1660 1681 1826 1751 nostris
1856 1700 1924 1734 re-

97 1778 222 1826 ceffit
256 1794 314 1826 ex
349 1779 509 1826 oculis.
600 1775 840 1826 Feliciter!
873 1776 987 1824 Tibi
1028 1791 1176 1841 ergo,
1219 1774 1512 1842 filiciterque
1545 1777 1923 1843 ingeminatum,

97 1875 350 1926 Beatilfima
386 1876 554 1924 Anima
577 1907 590 1930 ,
624 1859 732 1938 quae
761 1890 820 1922 eo
853 1874 995 1922 delata
1031 1889 1078 1921 es
1099 1905 1113 1931 2
1148 1873 1228 1921 ubi
1265 1875 1432 1921 victrix
1464 1891 1682 1924 curarum
1704 1909 1718 1934 ‚
1754 1880 1923 1929 victrix

97 1974 426 2030 calamitatum,
460 1972 572 2020 nihil
593 1971 752 2021 dubias
775 1988 933 2019 rerum
967 1972 1105 2027 vices,
1139 1969 1253 2017 nihil
1276 1971 1528 2039 instabilem
1546 1971 1750 2039 fortunae
1769 1990 1921 2026 rotam

96 2086 332 2127 metuens,
368 2071 537 2127 hilare,
573 2085 811 2118 amoenum
845 2083 889 2117 et
921 2068 1172 2116 immortali
1209 2067 1419 2116 felicitate
1456 2068 1625 2119 florens
1650 2072 1739 2120 iam
1770 2074 1923 2125 tranfi-

98 2169 170 2234 εἰς,
200 2185 381 2224 aevum,
416 2166 726 2232 tranfigesque
746 2180 987 2214 aeternum.
1057 2167 1167 2214 Nos
1195 2147 1314 2215 inter
1338 2166 1488 2215 media
1516 2168 1711 2217 aliorum
1742 2171 1921 2222 naufrtt⁴

164 2268 238 2332 gia
271 2265 419 2313 adhuc
450 2267 609 2314 incerti
646 2267 903 2320 iactamur·‚
948 2280 1034 2313 nos
1065 2264 1141 2312 Te
1174 2265 1285 2312 certi
1327 2262 1408 2312 suo
1449 2267 1647 2329 quisque
1689 2269 1857 2319 ordine

231 2370 534 2428 temporeque
559 2361 816 2428 sequemur.
884 2363 973 2410 PP.
1001 2364 1300 2428 Argentorati
1321 2379 1419 2414 xvl.
1443 2364 1540 2414 Kal.
1562 2366 1788 2416 Ianuarias

815 2475 1208 2510 MDccxxxvu.

992 2659 1103 2721 U3
1661 2637 1665 2639 -
1858 2659 1915 2711 In
