2585 3485
696 343 805 421 ‘Q
885 342 1130 419 ><0><
1206 341 1320 418 st
1854 364 1922 421 ῖς

28 427 34 436 ·
81 489 205 528 ‚num
240 467 874 521 LVDOVICIANAE
924 466 1069 517 famae
1112 465 1263 532 ipsum
1305 483 1496 532 quoque
1538 468 1745 519 ferocem
1793 470 1922 522 illum

84 572 337 622 Orientem
384 566 469 616 effe
504 567 703 619 testatur.
772 565 932 632 Qam
966 564 1158 614 onustus
1214 565 1286 614 ille
1323 566 1483 631 Regiis
1516 568 1750 617 beneficiis
1779 564 1924 618 Nun-

86 671 216 726 tius,
251 683 389 731 quam
432 667 595 730 plenus
632 663 933 714 admiratione
981 677 1051 713 tot
1109 662 1464 728 conspicuarum
1503 665 1549 712 in
1603 665 1923 717 florentissimo
1998 666 2005 675 “

89 767 221 833 Rege
243 766 467 813 virtutum
501 764 547 811 in
578 764 770 812 Patriam
804 762 969 821 rediit,
1000 761 1345 828 praedicaturus
1381 761 1586 827 principi
1624 763 1729 818 suo:
1765 765 1924 815 Solem

88 856 132 914 se
167 864 414 915 Orientem
457 860 762 926 conspexisse,
807 861 889 926 qui
919 875 1071 910 totum
1108 859 1355 925 aliquando
1394 860 1579 910 Orb3m
1618 860 1804 927 fulgore
1841 862 1922 913 suo

89 961 432 1027 praestricturus
454 959 573 1008 effet.
642 959 702 1008 Et
725 959 795 1008 ille
820 959 1034 1019 tandem,
1070 960 1149 1024 qui
1184 959 1239 1009 ad
1272 958 1602 1008 remotiffimos
1638 973 1782 1009 terrae
1811 960 1924 1011 fines

87 1060 292 1122 imperio
316 1057 395 1106 suo
433 1059 679 1124 pertingit,
715 1057 986 1107 vastiffimus
1011 1053 1244 1107 Occidens
1261 1091 1274 1116 ,
1311 1072 1539 1122 quantum
1563 1058 1637 1106 ille
1660 1058 1924 1123 praesertim

87 1156 146 1206 ad
169 1154 476 1204 illustrandam
513 1155 975 1220 confirmandamque
1007 1157 1181 1206 Galliae
1204 1156 1330 1221 spem
1371 1171 1507 1219 atque
1537 1157 1735 1222 gloriam
1760 1156 1923 1206 afferre

90 1248 212 1302 viliis
247 1253 324 1305 est.
393 1253 631 1303 Celebrata
666 1271 816 1319 nuper
853 1271 963 1304 cum
1015 1253 1302 1305 Sereniffima
1343 1253 1672 1318 Hispaniarum
1706 1254 1923 1321 Principe

88 1348 303 1416 sponsalia
360 1353 503 1416 Regia
551 1350 653 1399 heic
695 1353 719 1400 a
763 1369 838 1401 me
883 1353 1108 1417 designari
1155 1352 1406 1416 intelligitis
1449 1334 1607 1409 facile,
1647 1352 1922 1415 Auditores3

87 1465 316 1516 magnum
340 1461 385 1497 et
413 1465 567 1497 rarum
594 1449 781 1498 laetitiae
812 1449 1023 1514 publicae
1051 1463 1400 1515 argumentum,
1436 1462 1532 1512 quo
1554 1449 1804 1515 gloriosam
1829 1450 1924 1500 Lu-

89 1547 250 1597 douici
273 1547 438 1611 Magni
475 1547 721 1611 periodum
757 1548 853 1612 pari
896 1546 1099 1597 fatorum
1123 1545 1310 1599 Ordine
1339 1547 1547 1619 reuolui2·
1577 1547 1779 1598 iucunda
1811 1564 1923 1600 cum

90 1644 268 1695 futurae
302 1644 522 1694 felicitatis
547 1645 869 1703 meditatione,
904 1646 1094 1694 laetatur
1119 1646 1280 1695 Gallia.
1349 1645 1527 1711 Pignus
1551 1646 1664 1693 olim
1687 1646 1922 1711 Pyrenaea

92 1760 204 1807 pace
231 1742 444 1791 reductae
483 1744 601 1792 inter
629 1745 872 1793 Franciam
895 1742 1259 1808 Hispaniamque
1300 1744 1523 1792 amicitiae
1555 1743 1803 1809 Hispanica
1836 1745 1924 1796 fuit

95 1837 347 1902 Princeps,
372 1854 429 1886 ex
458 1841 713 1909 peruetusta
753 1855 798 1889 et
827 1841 1136 1904 potentiffima
1161 1841 1511 1891 Austriacorum
1546 1842 1683 1907 stirpe
1713 1843 1923 1894 oriunda.

91 1934 340 1986 Restitutae
361 1935 478 1984 inter
500 1935 683 1985 easdem
705 1936 845 1985 hodie
871 1951 1033 2002 gentes
1058 1938 1337 1987 concordiae
1385 1939 1531 1986 simile
1558 1940 1731 2004 pignus
1757 1941 1922 1992 eadem

91 2035 258 2097 accipit
292 2033 457 2091 Gallia,
488 2032 562 2081 sed
588 2034 748 2082 altiore
772 2032 980 2097 quodam
1003 2034 1321 2098 prouidentiae
1345 2034 1528 2082 diuinae
1551 2051 1730 2084 arcano.
1799 2038 1950 2086 Bor·-

92 2130 282 2180 boniam
315 2146 371 2178 ex
400 2129 654 2194 Hispanico
695 2131 822 2179 Solio
851 2131 1117 2196 Principem
1149 2132 1375 2180 Francico
1405 2131 1760 2181 Borboniorum
1792 2135 1920 2185 Solio
1956 2182 1961 2185 t

14 2275 16 2281 ,
92 2229 296 2294 imponit
335 2228 434 2276 Rex
479 2226 846 2294 Augustiffimus.
915 2210 1130 2294 Dignum
1173 2226 1273 2277 sane
1313 2228 1681 2279 cuiLudouicus
1712 2231 1922 2298 Magnus

15 2314 17 2319 ’
93 2343 151 2376 ex
185 2327 254 2375 illa
286 2326 556 2376 aeternitatis
598 2344 700 2377 arce
726 2328 930 2375 intentus
965 2325 1070 2376 effet
1092 2325 1426 2391 spectaculum3
1463 2330 1543 2391 qui
1591 2327 1718 2377 hunc
1751 2330 1920 2381 Gallici

92 2424 323 2491 sanguinis
359 2432 448 2491 pro
481 2424 724 2490 Hispaniae
759 2424 894 2474 salute
925 2438 1018 2474 tam
1051 2425 1236 2491 largiter
1281 2423 1407 2474 effufi
1446 2415 1789 2476 illustriffimum
1826 2430 1920 2480 iam

93 2522 298 2572 fructum
323 2537 552 2582 cerneret,
584 2538 634 2572 vt
659 2540 755 2573 non
782 2522 1001 2587 frequens
1024 2537 1204 2573 tantum
1236 2523 1467 2572 Borbonii
1494 2525 1726 2590 sanguinis
1749 2527 1796 2574 in
1827 2528 1920 2580 Hi·,

90 2619 244 2688 spania
284 2619 390 2671 effer
421 2636 700 2688 prouentus,
734 2622 810 2673 sed
840 2636 884 2672 et
913 2622 1025 2673 inde
1061 2621 1302 2673 certiffima
1340 2621 1673 2687 magnitudinis
1712 2623 1919 2676 Gallicae

476 2715 486 2717 ‘⁷
1700 2736 1937 2797 propago·
