2567 3470
656 370 766 424 104
1266 351 1375 428 Q
1458 352 1702 427 )(0)(
1782 352 1893 428 ossa*

648 473 2476 534 UUQQQWQQQQQQQQQUQ&

2513 249 2517 276 1

1313 586 1363 641 o
1411 589 1453 643 R
1500 587 1550 641 A
1594 587 1653 639 ‘1
1695 588 1710 640 1
1755 587 1804 641 o
1952 610 1955 613 -

707 671 927 718 HABITA
954 674 1017 719 IN
1046 676 1281 720 PUBLICA
1323 677 1675 721 ACADEIVIIAE
1692 678 1833 727 ELEC
1837 677 1873 718 Γ
1876 676 2025 719 ORAY
2028 675 2077 718 IS
2106 607 2481 730 PALATINAET

1070 761 1304 790 CONCIONE
1345 763 1430 790 DIE
1462 762 1809 790 KV111.APRIL
1832 759 2072 788 MDCCLxV

646 842 945 997 Semestria
970 845 1086 897 sacra
1109 847 1409 908 celebramus,
1425 849 1691 898 Auditores.
1729 846 1804 897 Ad
1831 846 2055 896 literarios
2077 845 2255 895 labores
2278 847 2408 897 breui
2430 863 2484 925 ex

770 943 1010 993 intciuallo
1033 945 1152 994 ledit
1166 946 1437 1009 Academia
1461 947 1644 1022 magnis
1667 943 1746 995 sub
1772 943 1980 1010 auspiciis
2001 958 2109 1002 tuta,
2124 943 2297 994 florens
2310 959 2355 995 et
2367 944 2483 998 felix'.

779 1057 1135 1107 Getmanorum
1177 1062 1333 1109 omnis
1368 1060 1459 1109 aeui
1494 1060 1695 1110 Annales
1727 1075 1750 1109 a
1793 1058 2005 1124 pluribus
2050 1060 2140 1107 iam
2183 1057 2331 1108 lustris
2372 1059 2484 1111 dum

647 1152 793 1202 voluo
815 1168 952 1219 atque
978 1141 1199 1216 reuolu0,
1232 1157 1383 1207 nullus
1418 1157 1534 1207 mihi
1565 1173 1622 1207 ex
1650 1157 1874 1208 omnibus
1904 1156 2043 1206 huius
2072 1157 2225 1223 gentis
2256 1158 2554 1223 Principa-

640 1249 767 1301 tibus
817 1249 1010 1304 fertilior
1051 1255 1346 1321 Principibus
1395 1257 1584 1315 doctis,
1618 1272 1763 1321 quam
1801 1255 1986 1304 Archi·
2014 1255 2287 1305 Palatinatus
2334 1255 2539 1307 Rheni

643 1351 863 1400 occurrit.
945 1353 1186 1405 Profunda
1236 1355 1514 1420 ignorantiae
1550 1354 1702 1421 caligo
1745 1352 1984 1403 universos
2029 1353 2237 1417 Euiopae
2285 1353 2547 1417 ρορυῐοει

644 1463 756 1496 cum
789 1466 873 1513 per
904 1449 1070 1499 decem
1094 1449 1238 1501 secula
1264 1450 1505 1517 preffiss'et,
1539 1451 1589 1500 in
1620 1452 1790 1500 Nicro·
1795 1450 2026 1500 Rhenanis
2050 1450 2254 1515 partibus
2277 1449 2485 1516 diffipare

643 1560 746 1594 eam
782 1548 926 1612 coepit
959 1551 1191 1613 Rupertus
1226 1549 1321 1608 ille,
1353 1549 1578 1600 Palatinus
1602 1548 1813 1607 Elector,
1848 1549 1930 1612 qui
1965 1546 2189 1597 uniuersae
2219 1548 2483 1599 Germaniae

642 1641 904 1694 Procerum
950 1648 1130 1710 primus
1159 1647 1216 1695 in
1251 1647 1398 1714 Regia
1439 1646 1513 1696 sua
1550 1645 1885 1713 Heidelbergae
1925 1659 2235 1695 communem
2267 1647 2482 1698 omnium

643 1738 988 1806 disciplinarum
1028 1743 1296 1794 Parnass'um
1337 1743 1588 1804 condidit,
1641 1745 1768 1793 ciues
1811 1743 1918 1794 suos
1948 1759 2209 1808 eorumque
2247 1746 2426 1799 vicinos
2457 1761 2482 1796 α

643 1835 815 1889 ferocia
854 1842 1023 1891 mentis
1048 1841 1104 1892 ad
1132 1843 1276 1894 vitam
1307 1856 1359 1893 ut
1382 1843 1629 1892 cultiorem
1659 1840 1937 1922 ῑτΜιάιιςετετ
1998 1841 2174 1893 Euenit
2209 1841 2304 1893 hoc
2333 1841 2482 1894 Caro·
2542 1860 2558 1879 v

642 1935 690 1986 lo
712 1937 795 1986 IV.
831 1921 1100 2004 imperante.

718 2050 1040 2119 primogenita
1066 2055 1168 2104 haec
1180 2056 1391 2106 Literatae
1406 2053 1678 2134 Germaniae
1698 2052 1787 2105 filia
1809 2055 2173 2122 primogenitam
2195 2055 2318 2120 apud
2330 2054 2480 2106 Bohe·

642 2163 750 2198 mos
775 2165 889 2199 mox
910 2151 1048 2202 filiam
1071 2156 1274 2220 peperit,
1311 2154 1614 2204 Academiam
1637 2152 1933 2220 pragensem,
1960 2169 2099 2217 quam
2123 2153 2248 2204 idem
2274 2153 2477 2213 Carolus,

642 2249 861 2312 exemplo
893 2250 1006 2299 -hoc
1057 2253 1278 2301 excitatus
1305 2284 1319 2309 ,
1363 2251 1592 2311 instituit;
1653 2266 1890 2314 quamque
1943 2250 2040 2299 aiiae
2090 2249 2310 2318 deinceps
2357 2247 2475 2317 apud

641 2344 911 2395 Germanos
932 2347 1080 2414 longo
1113 2349 1279 2398 ordine
1300 2348 1466 2398 secutae
1504 2347 1608 2398 sunt
1638 2347 1931 2399 scientiarum
1963 2346 2133 2399 scholae
2152 2382 2165 2409 ,
2201 2349 2474 2400 Uniuerfita-

640 2455 708 2494 tes
743 2460 856 2509 quas
891 2460 1076 2496 vocant.

776 2564 1011 2618 Rupertus
1045 2558 1286 2620 Palatium,
1311 2555 1464 2611 Caesar
1499 2559 1819 2620 Academiam,
1847 2559 2006 2627 magni
2026 2560 2176 2628 patrui
2206 2573 2403 2628 partum,
2423 2560 2470 2610 in
2507 2573 2511 2614 ι

2506 2615 2511 2698 ἱ

640 2656 790 2708 oculis
809 2657 957 2724 geffit,
982 2658 1237 2726 priuilegiis
1265 2659 1463 2719 adauxit,
1486 2661 1670 2711 ornauit
1688 2676 1739 2711 ac
1759 2660 1931 2711 extulit,
2319 2691 2419 2778 Lud
2508 2707 2511 2715 ι

654 2731 656 2733 ,
2420 2738 2470 2776 0-
2507 2718 2510 2834 ξ
