2567 3470
0 161 9 296 Q...⁴-

0 794 10 852 uh:
7 767 9 773 .
0 716 9 755 ,J-
6 685 10 703 ,,
0 599 10 670 ,ιι
0 463 8 583 ν--η-ψ-
0 400 4 442 „v

0 1911 17 2093 ..24-„1—-42‘
0 1868 16 1911 ‘⁴
7 1826 14 1862 κ..
10 1772 14 1789 -
0 1694 14 1760 ,,-ῒι

615 320 686 374 26
1230 307 1849 389 Q)(0)(ss

611 435 795 489 culum!
832 432 910 486 Illa
932 433 1158 484 excellens
1180 433 1362 503 lingua,
1398 451 1505 500 quae
1534 433 1762 502 sapientiae
1792 436 1966 485 diuinae
1992 439 2179 489 oracula
2212 450 2340 489 tanto
2362 439 2460 493 elo.

612 537 754 603 quio,
788 548 917 585 tauto
943 533 1128 585 fervore
1153 547 1197 584 et
1229 548 1349 584 tanta
1372 551 1483 584 cum
1508 535 1713 584 libertate
1749 536 1970 585 hactenus
2001 536 2359 598 demonstrauit,
2395 553 2460 591 ta-

613 651 710 695 cet,
747 636 946 692 exaruit,
983 647 1255 698 aeternoque
1288 634 1518 697 premitur
1557 633 1759 687 silentio!
1796 636 1862 685 Ita
1897 634 1984 694 est,
2021 637 2302 696 AuditoreS,
2339 652 2461 688 atro-

613 734 844 785 ciffimum
867 733 1040 782 ciuitati
1061 732 1171 782 huic
1203 733 1433 784 inflictum
1456 732 1520 782 est
1540 734 1723 783 vulnus.
1791 733 1990 784 Doluisti
2006 735 2198 799 quidem
2228 735 2463 796 hactenus,

613 833 898 901 Argentina,
933 830 1155 881 cariffima
1179 830 1401 882 societatis
1424 832 1549 881 Tuae
1573 833 1796 899 pignora,
1834 850 1941 897 quae
1969 834 2023 884 ab
2057 835 2214 899 aliquo
2247 848 2463 901 tempore

612 933 712 984 dira
743 931 908 982 mortis
947 931 1093 981 rabies
1125 931 1241 981 Tibi
1275 932 1456 997 eripuit.
1541 930 1632 981 Sed
1667 932 1742 980 hic
1775 930 1913 981 dolor
1935 933 2074 983 Tuus
2108 935 2287 999 priores
2321 935 2464 1000 longe

613 1031 828 1098 superat,
874 1029 992 1080 dum
1027 1029 1138 1079 illud
1179 1044 1320 1095 caput
1353 1029 1409 1080 ad
1442 1030 1680 1081 tumulum
1729 1032 2002 1082 inclinatum
2041 1031 2170 1082 vides
2192 1065 2206 1092 ‚
2240 1031 2374 1098 quod
2407 1032 2464 1083 ad

613 1130 758 1180 decus
790 1143 834 1178 et
872 1128 1055 1179 delicias
1089 1127 1345 1194 praesertim
1379 1143 1478 1180 tuas
1519 1143 1682 1179 natum
1716 1130 1972 1181 videbatur.
2077 1131 2214 1182 Adeo
2246 1147 2466 1198 magnam

616 1229 815 1279 ciuitatis
850 1241 1030 1294 partem
1064 1228 1112 1278 in
1145 1244 1202 1278 eo
1235 1227 1332 1279 solo
1354 1227 1559 1288 amifisti,
1594 1229 1945 1295 multarumque
1987 1232 2216 1281 virtutum
2251 1231 2468 1282 cumulus

617 1345 716 1379 uno
755 1327 850 1377 hoc
883 1328 1067 1377 tumulo
1098 1329 1283 1394 tegitur.
1389 1327 1566 1378 Cuncti
1604 1331 1742 1379 unius
1777 1344 1930 1378 morte
1966 1330 2196 1394 patimur3
2233 1330 2389 1378 cuncti
2418 1330 2467 1378 in

617 1428 757 1478 unius
791 1425 956 1491 iugulo
988 1424 1217 1488 ferimur3
1255 1425 1509 1490 flebilisque
1533 1427 1755 1475 omnibus
1790 1427 1986 1486 occidit,
2020 1428 2102 1491 qui
2131 1428 2268 1477 vivus
2300 1443 2466 1479 omnes

616 1528 666 1576 in
690 1539 902 1574 amorem
931 1521 1383 1589 admirationemque
1410 1523 1473 1573 sui
1499 1539 1793 1590 pertraxerat.
1861 1525 1951 1576 Sed
1984 1524 2098 1590 quid
2131 1524 2251 1575 hanc
2281 1539 2465 1578 tantum

618 1625 853 1674 ciuitatem
889 1622 1268 1674 commemoro?
1311 1623 1600 1682 Auditore3‚
1637 1638 1762 1674 totus
1798 1625 1972 1690 ubique
2005 1625 2207 1675 literatus
2245 1624 2375 1675 orbis
2410 1625 2473 1677 ad

619 1721 923 1774 tristiffimum
954 1722 1081 1772 hunc
1106 1722 1326 1771 nuntium
1358 1722 1636 1786 obstupescit
1657 1738 1795 1786 atque
1821 1726 2070 1791 egregium
2105 1725 2258 1775 ciuem
2290 1726 2470 1793 ingenti

619 1823 748 1874 luctu
775 1821 1081 1887 prosequitur.
1148 1821 1209 1870 Et
1241 1820 1331 1886 ipsa
1364 1820 1645 1886 praefixum,
1678 1839 1767 1887 qua
1806 1838 1953 1887 patet,
1989 1822 2228 1874 sublimior
2257 1825 2468 1875 Theolo-

622 1923 698 1990 gia
719 1922 982 1988 genuinum
1005 1934 1050 1969 et
1071 1920 1119 1969 in
1150 1919 1249 1969 finu
1281 1917 1365 1970 suo
1388 1919 1661 1978 educatum,
1699 1938 1954 1987 carumque
1977 1921 2058 1972 fibi
2087 1922 2204 1973 adeo
2227 1923 2372 1974 filium
2397 1939 2470 1974 ve·

624 2020 868 2071 hemeuter
900 2034 1172 2087 magnoque
1210 2036 1320 2068 cum
1366 2019 1531 2069 dolore
1565 2020 1798 2071 desiderat.
1890 2022 1977 2071 Me
2009 2011 2393 2073 vero'infelicem
2423 2034 2481 2077 et.

627 2121 873 2171 miserum!
910 2121 992 2183 qui
1016 2121 1063 2167 in
1088 2132 1208 2168 tanta
1230 2119 1400 2168 iactura
1423 2125 1676 2169 maximam
1700 2119 1970 2169 deliciarum
1995 2121 2196 2185 vitaeque
2214 2121 2330 2171 adeo
2352 2135 2468 2172 meae

629 2233 810 2287 partem
841 2215 1027 2267 amifisse
1050 2215 1216 2283 sentio3
1254 2217 1334 2280 qui
1358 2217 1582 2281 quicquid
1606 2219 1652 2289 in
1676 2217 1745 2265 his
1771 2219 1902 2268 terris
1931 2218 2133 2269 humana
2164 2219 2246 2269 fibi
2275 2220 2370 2270 fere
2390 2234 2465 2270 ex·

630 2329 795 2382 optant
830 2329 978 2373 vota,
1015 2329 1194 2379 patrem
1216 2349 1228 2373 ,
1267 2330 1584 2380 protectorem
1630 2331 1791 2379 atque,
1826 2330 1877 2366 ut
1910 2317 2006 2366 eius
2043 2318 2301 2385 benignitas
2331 2320 2466 2369 inter·
2532 2306 2535 2361 ζ

632 2414 896 2481 pretabatur
917 2446 930 2472 2
966 2412 1168 2462 amicum
1201 2428 1246 2463 et
1277 2414 1391 2479 quid
1425 2418 1553 2467 non?
1589 2416 1635 2463 in
1670 2417 1809 2464 unius
1842 2429 1995 2464 morte
2025 2417 2162 2467 amisi.
2231 2417 2364 2486 Ergo
2395 2431 2471 2467 me
2532 2404 2535 2406 Ὗ

633 2514 717 2562 tibi
751 2528 900 2575 nuper
935 2509 990 2559 ad
1026 2524 1210 2578 tempus
1245 2514 1579 2563 valedicturum
1615 2513 1725 2563 ideo
1759 2515 1987 2564 retinuere
2019 2514 2130 2575 fata,
2170 2531 2222 2566 ut
2242 2528 2466 2566 aeternum

634 2611 751 2663 Tibi
775 2626 899 2660 nunc
922 2612 1263 2666 valedicerem?
1303 2613 1435 2680 Ergo
1457 2616 1551 2665 hoc
1577 2627 1678 2664 tum
1701 2613 1898 2666 intendit
1918 2629 2058 2669 nutus
2082 2616 2156 2666 ille
2179 2615 2386 2674 diuinus,
2417 2624 2469 2662 ut
2534 2634 2535 2652 2

2353 2724 2471 2779 prae-
