2503 3444
686 291 795 368 'Q
871 291 1116 364 )<0)(
1192 291 1303 368 st
1805 310 1908 368 173

76 419 318 485 antipodas
347 415 556 495 lucidum
580 414 704 479 pacis
731 412 852 463 sidus
875 428 1103 478 perpetuo
1137 414 1381 465 renidebis'.
1450 414 1603 481 Digna
1637 415 1914 466 immortali-

35 569 39 572 ,
76 531 166 567 tate
197 516 421 572 facinora,
457 513 708 564 Auditores
732 545 746 571 ,
779 528 886 576 quae
920 513 1102 579 magnis
1131 512 1418 562 Ludouicus
1453 514 1660 578 auspiciis
1694 511 1913 578 suscepit,

23 644 29 651 ι
76 607 182 680 quae
207 613 461 662 maior-ibus
495 612 710 676 perduxit
735 611 977 669 adfinem,
1015 626 1059 660 et
1084 610 1165 660 suo
1199 626 1414 676 tempore
1447 612 1757 676 perducturus
1790 612 1916 660 vide-

21 717 44 747 -’
75 724 165 762 tur.
233 708 454 775 Prospera
491 710 628 758 huius
667 710 731 758 rei
764 711 955 776 auguria
987 709 1060 758 vel
1098 725 1155 757 ex
1188 726 1245 758 eo
1279 708 1531 764 deducitis,
1567 710 1697 772 quod
1740 709 1916 758 sacrum

76 807 286 874 Europae
311 807 584 874 palladium,
621 798 846 872 nuperam
877 808 1002 857 illam
1014 824 1212 856 auream
1238 824 1399 872 pacem
1422 805 1579 855 ferreis
1606 806 1917 856 fundamentis

75 905 402 964 substructam,
439 905 494 955 ad
521 906 646 962 hunc
681 922 828 970 usque
851 906 991 964 diem,
1029 921 1190 955 contra
1223 908 1415 969 quosuis
1445 905 1634 954 insultus
1674 906 1920 955 intemera-

76 1017 170 1054 tam
194 1003 398 1053 defendit
421 1003 745 1075 defensamque
778 1005 1038 1054 confirmat.
1090 1005 1413 1053 >Ferventibus
1441 1004 1543 1052 belli
1575 1003 1723 1052 turbis
1745 1001 1919 1053 misera

77 1100 234 1168 denuo
265 1103 505 1151 iactaretur
543 1103 664 1152 Italia
693 1136 706 1161 ,
727 1088 798 1151 ⁶de
832 1102 1106 1169 appel-lando
1139 1104 1380 1152 Hetruriae
1414 1100 1660 1166 possessore
1704 1099 1914 1161 sollicita,

58 1198 159 1249 ·nisi
178 1215 320 1263 quem
349 1184 556 1249 eiusdem
582 1202 703 1265 pacis
733 1200 987 1251 sanctiones
1018 1200 1074 1250 ad
1105 1199 1340 1266 sceptrum
1363 1199 1473 1248 illud
1504 1201 1588 1248 rite
1615 1212 1942 1259 vocauerant„

79 1287 225 1367 rigida
255 1296 484 1363 sponsoris
516 1298 779 1348 sustentaret
812 1299 994 1351 iustitia.
1062 1300 1138 1348 Sic
1179 1299 1398 1364 augustus
1429 1299 1501 1346 ille
1536 1298 1686 1363 gloria
1722 1312 1766 1346 et
1803 1298 1919 1346 anti-

81 1396 250 1460 quitate
281 1396 514 1444 maior-um
543 1395 902 1463 Lot-baringicus
941 1383 1148 1462 sangui'S,
1183 1397 1264 1460 qui
1299 1412 1357 1445 ex
1387 1396 1610 1444 omnibus
1645 1379 1919 1462 Principum

39 1483 48 1518 ⁴·
81 1493 296 1561 gentibus
324 1494 495 1543 virtute
527 1507 572 1543 et
602 1492 862 1560 imaginum
896 1493 1150 1559 praestantia
1184 1494 1295 1559 nulli
1329 1465 1572 1552 concedit,
1608 1491 1711 1558 post
1744 1491 1918 1557 septem

84 1589 375 1660 Principatus
395 1593 713 1659 Lotharingici
747 1591 914 1651 secula,
948 1593 995 1640 in
1027 1592 1096 1642 illa
1121 1590 1266 1641 veteri
1302 1593 1430 1641 orbis
1457 1572 1766 1640 dominatrice
1799 1591 1922 1640 Italia

84 1704 264 1753 nouum
299 1689 378 1738 fibi
412 1675 575 1739 solium
612 1689 834 1739 rarissimo
867 1690 1085 1756 exemplo
1118 1692 1288 1751 erexit3
1328 1687 1720 1739 nouum'Tusciae
1745 1702 1791 1737 et
1823 1689 1922 1737 uni-

84 1785 226 1835 uersae
247 1786 484 1850 Hesperiae
504 1787 714 1836 allaturus
737 1787 971 1836 decorem.
1040 1788 1243 1853 Qantis
1278 1788 1353 1836 hic
1387 1788 1496 1853 alter
1521 1785 1750 1836 Porsenna
1785 1787 1922 1836 mira-

87 1885 200 1933 culis
232 1885 366 1950 regni
399 1882 462 1932 s'ui
497 1884 730 1933 illustrabit
765 1884 1044 1949 primordia!
1081 1899 1257 1949 quanto
1288 1885 1453 1935 ardore
1487 1886 1606 1933 avita
1630 1885 1787 1934 Caroli
1810 1886 1924 1933 Leo·
1967 1952 1973 1957 .

87 1981 215 2047 poldi
238 1981 453 2047 vestigia,
484 1982 695 2031 Turcico
718 1981 868 2030 adhuc
892 1980 1110 2048 sanguine
1146 1982 1399 2040 madentia,
1434 1983 1580 2048 leget!
1618 1981 1923 2047 Locharingi-

78 2095 162 2151 [cas
182 2079 253 2128 ille
285 2081 455 2143 aquilas
486 2097 596 2128 cum
624 2081 770 2144 aquila
803 2081 1129 2129 Romanorum
1154 2081 1418 2128 Teutonica
1449 2080 1637 2142 iunget3
1670 2079 1741 2127 ille
1769 2079 1921 2127 Nico·

77 2178 244 2242 polin,
278 2179 508 2236 Varnam,
542 2178 846 2236 Moli-amum,
880 2177 1132 2226 christianis
1172 2178 1283 2226 olim
1325 2177 1530 2225 cladibus
1560 2176 1811 2225 notissimas
1844 2191 1923 2224 ur·
1986 2218 1987 2222 ,

92 2274 196 2333 bes,
230 2273 314 2323 suis
349 2277 553 2325 victoriis
587 2277 767 2340 suisque
800 2275 1049 2341 triumphis
1083 2275 1276 2340 signabit
1308 2276 1361 2324 ad
1392 2275 1612 2341 posteros.
1680 2274 1925 2324 Gratulare

94 2371 261 2420 tib'bde
295 2385 420 2420 tanto
449 2375 640 2432 Heroe,
678 2376 853 2440 Magna
876 2388 920 2422 et
954 2374 1135 2438 Regalis
1169 2375 1415 2427 Hetruria,
1450 2386 1495 2422 et
1539 2372 1598 2421 de
1636 2373 1817 2437 publica
1850 2387 1926 2422 tua

69 2471 248 2533 quiete
275 2471 406 2517 tantis
431 2470 682 2534 auspicibus
717 2471 940 2520 firmantia
971 2471 1183 2537 gloriare.
1251 2471 1340 2520 Sed
1375 2487 1481 2521 non.
1510 2471 1664 2518 minus
1697 2469 1924 2535 glorietur

96 2566 166 2616 illa
187 2567 356 2632 opibus
381 2571 765 2634 commerciisque
787 2569 915 2618 diues
939 2582 984 2617 et
1013 2547 1228 2634 portuosa
1253 2570 1466 2636 Liguria,
1504 2584 1611 2632 quae
1640 2581 1801 2616 contra
1822 2566 1925 2615 sub·

979 2667 1026 2715 Y
1066 2683 1089 2727 3
1621 2720 1625 2723 Α
1782 2665 1926 2713 iectos
