2503 3444
676 297 788 379 'Q
865 301 1115 393 )(v0)(
1193 297 1307 378 ss
1706 316 1709 319 ·
1845 319 1923 376 77

81 426 320 486 consensus
356 438 402 476 et
444 423 674 484 vestrum,
712 424 990 483 Auditores‚
1025 439 1230 475 meretur
1263 423 1548 474 consensum.
1615 426 1661 475 Si
1697 427 1919 492 gravium

0 538 5 598 1
82 529 293 578 virorum
324 523 382 574 de
406 523 544 573 rebus
568 523 706 589 gestis
739 522 997 572 testimonia
1032 523 1387 589 magnifacimus
1411 525 1690 582 viventium,
1730 541 1814 572 cur
1840 525 1924 573 eis-

82 623 188 675 dem
225 623 425 673 mortuis
455 635 499 671 et
539 624 586 670 in
619 622 812 686 Scriptis
844 619 933 669 suis
966 620 1213 679 rediuiuis‚
1253 620 1396 669 fidem
1434 620 1806 688 denegaremus,
1841 625 1923 686 qui

80 723 130 773 in
157 718 392 770 clariffima
420 719 546 769 orbis
577 720 680 768 luce
718 717 893 771 verseti,
927 717 986 766 de
1018 732 1290 782 temporum
1326 717 1519 767 suorum
1559 718 1659 768 fatis
1685 720 1924 783 posterita-

78 831 176 870 tem
208 817 430 867 instruere
455 816 763 867 studuerunt?
832 817 972 866 Num
1005 815 1199 874 Caesari²
1236 832 1352 865 num
1384 816 1640 865 Ammiano
1677 833 1749 866 res
1775 819 1923 883 gestas

77 914 327 983 scribenti,
374 917 529 965 minus
571 914 895 973 credendum,
942 930 1085 978 quam
1137 931 1221 964 ore
1272 914 1602 971 nart·antibu3‚
1642 915 1921 978 praesertim,

79 1013 269 1079 quando
290 1029 366 1071 ea,
401 1029 508 1078 quae
530 1014 634 1079 ipfis
667 1012 1023 1079 inspectantibus
1045 1027 1157 1071 acta,
1184 1011 1454 1062 recensent?
1491 1013 1687 1078 Regeris
1715 1014 1924 1074 fortaffis,

82 1109 279 1177 suspecta
304 1112 580 1176 plerumque
614 1111 676 1161 est
707 1112 765 1161 de
789 1112 994 1178 propriis
1026 1111 1166 1160 rebus
1199 1112 1486 1161 narrantium
1514 1110 1627 1161 fides
1638 1128 1653 1172 ‚·
1688 1112 1761 1161 vel
1784 1112 1925 1163 Cice·

83 1209 210 1268 roni,
248 1209 307 1258 de
329 1208 371 1258 se
402 1211 822 1270 commemoranti,
858 1226 956 1259 non
988 1222 1162 1259 temere
1183 1207 1486 1279 credendum.

167 1307 211 1314 Α.»

211 1354 291 1404 Est
318 1355 412 1405 hoc
440 1357 659 1415 alterum,
696 1358 828 1421 quod
852 1359 1031 1407 verit-ati
1061 1357 1291 1407 historicae
1321 1357 1540 1407 obiicitur
1575 1372 1924 1425 argumentum,

84 1453 360 1515 Auditore83
403 1471 426 1504 a
461 1455 723 1520 corruptela
766 1457 1065 1522 Scriptorum
1097 1455 1374 1504 desumtum.
1458 1455 1632 1506 Lector
1665 1455 1840 1522 sapiens
1873 1461 1926 1507 in

84 1551 278 1602 lectione
296 1551 508 1603 historica
533 1567 664 1602 caute
686 1554 914 1618 procedit.
979 1554 1230 1619 Scriptoris
1253 1553 1429 1603 candor
1452 1553 1484 1602 fi
1508 1570 1565 1602 ex
1599 1554 1792 1620 Scriptis
1823 1558 1922 1607 eius

85 1649 261 1711 elucet3
295 1649 328 1698 fi
348 1653 504 1699 erratis
526 1652 742 1715 vitiisque
766 1651 853 1700 suis
886 1651 1162 1719 detegendis
1187 1650 1284 1701 non
1311 1651 1518 1709 abstinet,
1540 1651 1573 1701 fi
1603 1669 1668 1712 ea,
1702 1670 1809 1718 quae
1833 1669 1924 1706 tra-

25 1740 37 1749 '
85 1745 176 1805 dit,
210 1748 406 1796 aliorum
444 1748 653 1796 eiusdem
688 1761 765 1797 aut
780 1748 1022 1812 ‘proximae
1055 1749 1224 1807 aetatis,
1260 1749 1333 1798 vel
1366 1763 1636 1799 exterorum
1661 1768 1854 1821 quoque
1878 1768 1924 1804 et

86 1844 289 1894 hostium
315 1843 580 1894 testimonio
604 1845 871 1902 firmantur,
907 1847 1027 1895 nulla
1047 1848 1163 1896 ratio
1189 1845 1370 1906 suadet,
1405 1861 1457 1897 ut
1479 1849 1528 1897 in
1558 1848 1755 1900 dubium
1780 1868 1923 1901 voce-

86 1955 165 1992 tur
185 1941 418 1992 scribentis
441 1945 698 1993 auctoritas.
766 1945 906 1992 Num
931 1944 1147 1993 illustrius
1176 1945 1379 1993 veritatis
1401 1944 1744 1996 documentum
1776 1949 1924 1999 Caesa-

87 2042 232 2090 reanis
264 2040 629 2090 Commentariis
661 2041 877 2090 accedere
911 2040 1149 2106 potuisset,
1185 2043 1262 2090 illo
1292 2043 1538 2092 Ciceronis
1571 2059 1615 2093 et
1639 2045 1785 2094 Hirtii
1822 2048 1924 2098 elo-

89 2138 171 2203 gio
191 2171 205 2196 ‚
240 2139 320 2202 qui
355 2155 435 2187 eos
466 2154 619 2188 rectos
656 2153 701 2188 et
738 2138 956 2188 venustos
978 2173 992 2197 2
1039 2141 1246 2188 celeriter
1277 2155 1321 2189 at
1347 2140 1592 2191 emendate
1628 2142 1923 2211 conscriptos

89 2232 398 2301 omniumque
435 2236 609 2287 iudicio
639 2236 862 2303 probatos
883 2270 896 2297 ,
942 2238 1175 2305 ringente·
1199 2238 1305 2288 licet
1339 2237 1502 2290 Afinio
1539 2240 1775 2303 Pollione,
1811 2261 1932 2311 pro·

93 2329 310 2387 fitentur?

211 2479 267 2528 Si
288 2493 332 2528 et
353 2480 447 2529 aliis
465 2496 522 2529 ex
545 2482 731 2532 Graecia
753 2483 979 2549 Latioque
1006 2485 1344 2549 Scriptoribus;
1380 2486 1410 2535 fi
1432 2487 1773 2547 Villharduino,
1795 2490 1922 2540 Ioin·

94 2574 234 2638 villae,
269 2577 545 2639 CominaeO,
579 2580 749 2633 Bellaio
781 2598 838 2631 ex
869 2583 1044 2643 Ca11s3
1078 2583 1111 2632 fi
1145 2584 1302 2637 Coriis
1325 2617 1340 2645 ,
1377 2584 1572 2652 Poggiis
1592 2619 1606 2645 2
1649 2589 1921 2638 Ammiratis

963 2681 1007 2728 K
1044 2697 1067 2740 3
1865 2699 1924 2733 ex

20 2949 27 3093 ξί

23 3128 29 3258 ἓ

0 3264 213 3444 μ
