2618 3485
668 360 801 404 xm
1310 341 1418 420 'Q
1496 342 1744 416 )(0)(
1822 343 1931 418 οφ

669 467 800 525 mibi
834 465 1064 541 pendere
1101 464 1166 521 ab
1198 464 1286 522 illo
1318 485 1412 523 ore
1448 467 1771 542 eloquentiae
1806 466 1981 530 licuit,
2024 466 2199 524 diuina
2233 485 2506 546 praecepta

666 590 1060 650 auidisauribus
1072 593 1327 667 excipere,
1358 592 1551 665 illoque
1575 592 1779 648 suasore
1803 609 1855 647 et
1879 609 2188 665 promotore
2208 593 2505 650 studiorum

665 720 949 792 praecipuo
970 720 1066 778 vti,
1089 715 1236 790 quod
1270 715 1581 778 immortale,
1606 716 1687 771 vel
1716 718 1766 771 iu
1798 714 2070 776 tantillum,
2094 715 2408 774 beneficium
2430 719 2507 773 in-

665 841 979 916 gratiffimus
1002 840 1303 898 mortalium
1337 838 1536 903 forem,
1575 841 1611 896 fi
1650 840 1735 896 hic
1760 842 1945 896 tacitus
1975 841 2331 914 praeterirem.

814 1073 928 1130 Sub
976 1090 1203 1128 vernum
1258 1072 1399 1129 Anni
1436 1071 1852 1128 MDCCXLIV.
1894 1086 2108 1145 tempus
2157 1069 2503 1127 Helueticum

660 1199 767 1254 Iter
793 1196 1051 1271 ingreffus
1090 1196 1162 1250 est
1189 1195 1420 1256 Noster,
1457 1197 1695 1252 aestatem
1736 1195 2094 1270 insequentem
2115 1211 2328 1250 ornnem
2361 1193 2502 1269 apud

656 1322 951 1381 Heluetos,
992 1319 1324 1381 mortalium,
1367 1317 1455 1375 sua
1479 1320 1513 1376 fi
1538 1320 1672 1375 bona
1706 1325 1910 1382 norint,
1949 1316 2263 1376 felieiffimos
2290 1335 2501 1375 exactu-

655 1464 785 1509 rus,
833 1443 1368 1517 Habsburgicasque,
1424 1441 1866 1505 Vindoniflenfes‚
1919 1442 2195 1506 Badenses,
2243 1442 2502 1517 Ergouiae

656 1592 709 1630 et
735 1573 1027 1646 Tigurinas
1056 1570 1382 1642 antiquitates
1423 1586 1474 1624 et
1497 1568 1856 1624 memorabilia
1883 1565 2234 1630 scrutaturus,
2273 1536 2500 1624 scriben-

654 1700 732 1757 dis
772 1698 897 1754 olim
931 1694 1271 1753 Alfaticarum
1317 1711 1367 1748 et
1394 1692 1702 1749 Badensium
1757 1711 1939 1748 rerum
1967 1691 2259 1748 Annalibus
2283 1692 2499 1769 inseruig-

652 1839 812 1880 turaS.
894 1820 1086 1894 Coepit
1110 1821 1206 1873 iter
1234 1835 1332 1891 per
1354 1816 1592 1872 Basileam
1618 1854 1632 1879 ,
1674 1835 1836 1891 quam
1867 1817 2068 1871 Vrbem
2092 1834 2203 1889 quo
2228 1814 2369 1870 sensu
2402 1817 2495 1870 ite—

649 1966 777 2004 rum
814 1943 1005 2000 viderit
1036 1980 1053 2004 ,
1093 1941 1434 2002 iudicabunt,
1477 1945 1568 2015 qui
1606 1941 1675 1997 ibi
1712 1943 1880 2015 prima
1911 1940 2219 1996 eruditionis
2250 1940 2497 2016 ampliffi-

649 2091 767 2131 mae
792 2067 1133 2126 fundamenta
1158 2063 1302 2121 Eum
1339 2064 1504 2121 ieciss‘e
1534 2067 1867 2122 meminerint
1879 2081 1897 2135 3
1936 2063 2161 2137 indeque
2196 2081 2292 2137 per
2316 2064 2492 2138 Sisgo-

649 2198 815 2254 viam,
858 2190 1098 2264 superato
1143 2188 1204 2242 ad
1242 2189 1503 2243 Arouiam
1543 2185 1760 2248 iuraffo,
1800 2185 2081 2261 Tigurum
2126 2187 2358 2262 appulit,
2399 2206 2489 2244 vr-

649 2320 774 2375 bem
798 2318 909 2369 veri
938 2314 1167 2387 bonique
1202 2311 1347 2367 sensu
1372 2311 1886 2373 abundantiffimam,
1931 2312 2292 2368 Heluetorum
2317 2311 2491 2368 Athe-

649 2461 737 2498 nas
762 2441 1021 2499 dicerem,
1048 2436 1153 2492 ›nifi
1178 2454 1310 2510 quae
1337 2454 1388 2490 et
1412 2456 1494 2492 me
1519 2435 1775 2509 hospitem
1806 2435 1931 2490 olim
1961 2454 2054 2510 per
2091 2418 2372 2492 triennium
2407 2434 2487 2493 fo-

649 2570 755 2627 vit,
796 2583 821 2619 a
849 2583 934 2618 me
961 2560 1155 2622 laudari
1196 2559 1366 2621 nolle,
1406 2558 1493 2615 sed
1518 2527 1676 2615 εἴη-,πὶ
1699 2561 2063 2635 intelligerem³
2143 2564 2194 2619 A
2216 2556 2481 2617 Turicen-

2347 2684 2485 2741 fibus
