2529 3434
0 0 2529 83 —

661 375 769 449 *Q
850 371 1097 446 ><0><
1175 371 1288 446 aa·
1747 336 1893 451 ἰδ-3

14 502 18 554 i
55 504 218 552 aestate
256 501 520 550 festinarunt
554 496 610 545 ad
663 513 800 544 arma.
866 496 980 544 Satis
1020 498 1110 544 iam
1155 493 1468 554 offensarum,
1524 496 1622 546 satis
1667 497 1756 544 iam
1792 497 1897 566 belli

13 567 19 673 l
57 596 202 647 causae
229 600 276 645 in
302 597 490 645 Polonia
515 593 813 659 praecesserat.
882 593 1173 642 Corruffi'ent
1203 596 1464 659 praeeipites
1495 594 1677 659 superbi
1710 596 1767 642 illi
1792 596 1896 644 Bri·

14 684 18 751 i
57 693 303 744 lacensium
329 729 342 754 ,
386 692 768 759 Friburgenfium
801 694 877 740 aut
915 692 1185 758 Moguntiae
1219 694 1374 750 muri,
1419 692 1451 740 fi
1485 693 1556 741 vel
1593 694 1749 757 primo
1791 693 1898 743 belli

14 775 18 849 1
54 791 144 842 iam
183 793 343 841 indicti
377 796 552 856 impetu
586 794 833 856 imp..ratos
859 790 1049 839 adortus
1081 789 1189 838 esset
1211 790 1458 839 Gallorum
1493 792 1733 840 exercitus.
1804 791 1895 841 Sed

14 892 19 958 1
51 890 178 939 frena
202 891 356 940 ardori
383 892 398 937 1
433 909 462 938 o
484 891 584 939 Rex
609 892 836 954 Optimus
861 888 1106 954 imposuit,
1142 903 1187 937 et
1211 905 1354 936 omne
1387 887 1677 954 resipiscendi
1709 903 1895 955 tempus

13 976 142 1036 lsuis
176 990 365 1037 aemulis
407 988 660 1048 concellit3
708 988 854 1036 solum
898 986 1123 1036 Kelilense
1164 988 1577 1053 propugnaculum
1625 1003 1894 1054 expugnare

14 1081 18 1158 l
56 1099 330 1148 contentu33
367 1100 417 1135 vt
447 1103 571 1136 arma
597 1086 639 1136 se
668 1086 854 1137 tandem
889 1085 1084 1134 induisse
1116 1081 1231 1134 serio
1262 1085 1415 1135 hostes
1446 1085 1715 1151 praefractos
1753 1104 1895 1136 arma-

13 1174 19 1241 1
57 1193 132 1232 tus
159 1183 362 1233 doceret.
431 1184 706 1249 Insequente
744 1201 858 1234 mox
892 1202 1025 1243 vere,
1058 1201 1114 1233 an
1150 1201 1247 1232 non
1278 1183 1527 1234 audacibus
1558 1185 1723 1234 turmis
1758 1198 1804 1233 et
1834 1186 1894 1233 le-

14 1290 19 1340 }
53 1280 274 1346 gionibus
296 1281 383 1330 {uis
407 1284 579 1331 nudam
610 1284 760 1333 adhuc
797 1282 1034 1331 defensore
1057 1283 1263 1330 exercitu
1296 1282 1550 1331 inundasset
1581 1285 1892 1341 Germaniam,

14 1349 19 1449 l
49 1377 83 1428 fi
102 1377 310 1429 secundis
330 1380 530 1429 fortunae
554 1381 642 1429 suae
663 1382 775 1430 velis
799 1382 880 1438 vti,
903 1399 1043 1444 quam
1067 1379 1120 1429 ad
1142 1380 1286 1429 duros
1310 1380 1409 1429 illos
1441 1381 1784 1445 Philippopolis
1809 1398 1889 1447 ag-

13 1460 19 1540 1
54 1491 189 1543 geres
212 1477 386 1527 haerere
421 1479 653 1527 maluisset.
721 1480 797 1529 Sic
831 1494 989 1526 rarum
1015 1478 1225 1526 victoriae
1261 1494 1412 1543 genus
1440 1478 1495 1526 ad
1525 1478 1746 1527 Rhenum
1771 1478 1886 1527 didi-

14 1545 19 1633 l
50 1571 200 1634 cistis,
229 1577 492 1626 Auditores.
562 1575 853 1626 Abstinendo
884 1593 907 1625 a
945 1577 1138 1624 victoria
1173 1574 1446 1623 tutissimum
1479 1576 1532 1625 ad
1570 1575 1711 1640 ipsam
1747 1577 1886 1625 victo-

13 1636 19 1756 ξ
49 1673 166 1722 riam
204 1674 283 1723 fibi
315 1677 399 1723 iter
426 1674 696 1724 Ludouicus
732 1675 933 1740 paraui53
972 1673 1207 1739 erigendis
1239 1675 1485 1738 praecipuis
1516 1675 1620 1723 belli
1660 1675 1889 1739 trophaeis

14 1762 19 1844 l
50 1769 266 1821 destinata
297 1773 432 1821 Italia.
534 1774 632 1822 Illic
667 1771 920 1821 horrisonis
960 1771 1223 1838 fragoribus
1257 1773 1462 1820 intonuit
1497 1775 1783 1838 armipotens
1819 1774 1889 1824 illa

51 1868 343 1918 Francorum
377 1871 579 1919 Bellona.
648 1871 743 1919 Illic
778 1869 958 1918 Athesis
971 1903 984 1928 ,
1019 1870 1221 1919 Ticinus
1263 1885 1306 1919 et
1332 1871 1483 1919 Padus
1513 1874 1718 1936 repetitis
1753 1874 1889 1922 toties

49 1980 280 2016 tremuere
302 1967 586 2016 fulminibus.
655 1968 751 2016 Illic
792 1967 932 2032 longe
963 1967 1141 2030 lateque
1166 1983 1249 2032 per
1271 1967 1490 2016 Ausoniae
1514 1986 1706 2033 campos
1729 1972 1886 2019 victri-

30 2043 118 2114 =cia
149 2065 397 2115 Gallorum
438 2065 524 2113 lilia
567 2066 834 2116 volitauere.
903 2062 1115 2122 Insuber,
1151 2064 1391 2128 Appulus,
1429 2068 1717 2130 Campanus,
1754 2068 1885 2117 Cala-

15 2229 18 2239 ,
49 2162 157 2221 ber,
201 2177 397 2227 vterque
435 2163 613 2212 Siculus
647 2163 904 2211 Borboniae
945 2163 1074 2229 genti
1107 2161 1180 2211 sua
1216 2163 1331 2211 colla
1366 2161 1653 2212 submittunt.
1721 2166 1888 2231 Stupet

47 2372 166 2407 vero
207 2358 278 2408 his
315 2360 518 2424 partibus
549 2373 669 2423 quot
709 2359 847 2408 Vrbes
885 2372 931 2407 et
967 2358 1106 2408 castra
1143 2359 1190 2406 in
1230 2375 1326 2407 vno
1366 2359 1709 2426 Philippopolis
1739 2379 1886 2429 expu-

49 2453 299 2523 gnauimus
329 2458 508 2510 castro!
561 2457 672 2506 illud
718 2458 842 2522 quafi
884 2456 1155 2513 obsidionis,
1175 2430 1361 2523 tempus
1407 2459 1685 2524 eligentibus
1722 2461 1883 2521 Gallis,

47 2569 152 2619 quo
184 2570 292 2602 cum
318 2556 449 2604 omni
483 2570 701 2621 apparatu
733 2570 778 2606 et
805 2557 1011 2604 exercitu
1044 2554 1125 2605 suo
1147 2556 1406 2605 vincendus
1433 2571 1526 2606 erat
1567 2556 1660 2622 ipse
1694 2559 1886 2625 Neptu·

49 2668 154 2708 nus.
224 2652 513 2718 Quieuerant
538 2669 691 2707 tamen
724 2656 771 2705 in
800 2653 886 2705 hac
922 2671 1079 2704 rerum
1107 2656 1356 2724 agitatione
1384 2654 1624 2707 Lusitanus
1643 2689 1658 2717 ‚
1691 2658 1882 2719 SuecuS‚

47 2259 302 2325 Hesperius
324 2262 475 2321 orbis,
509 2261 638 2326 quod
669 2276 761 2310 tam
792 2260 942 2310 subito
964 2260 1232 2310 Borbonius
1266 2259 1411 2310 factus
1435 2261 1497 2311 fit.
1569 2264 1624 2312 In
1650 2263 1886 2315 Rhenanis

16 2765 19 2862 ἱ
116 2749 238 2801 Pars
271 2751 308 2800 I
378 2794 380 2796 .
995 2755 1047 2804 U
1435 2817 1448 2824 ,
1712 2759 1882 2811 Dauus

15 2887 20 2915 1
