2503 3444
693 295 1310 381 Q><0><ss
1524 282 1526 284 ’
1845 320 1918 374 ις

70 424 241 478 >Talem
273 424 360 475 ess'e
392 422 637 488 oportuit,
676 438 818 486 quern
848 422 1058 487 Populus
1090 423 1330 472 Romanus
1369 422 1591 472 &incitati
1626 437 1668 472 ct
1703 426 1923 475 [senei-{0⁴

75 523 155 575 suo
176 539 334 588 parem
356 521 568 580 haberet,
602 520 777 584 quique
812 519 866 570 ad
892 518 1020 586 spem
1051 520 1340 586 principatus
1362 522 1490 569 orbis
1525 537 1751 571 terrarum
1780 539 1912 572 lautus

75 619 222 673 seculo
245 618 326 669 fiio
350 619 637 684 posterisque
658 633 702 668 et
724 618 968 677 omnibus,
1005 631 1242 682 quotquot
1274 618 1470 667 secuturi
1495 633 1645 677 erant,
1683 620 1912 686 Principi-

67 719 160 770 bus
185 718 437 767 immortali
457 717 677 782 exemplo
701 716 881 766 futurus
905 715 1038 769 esset,
1073 715 1148 765 sed
1179 731 1452 766 oneraturus
1480 716 1611 765 smmi
1646 734 1810 767 omnes
1841 736 1911 769 ra·

61 815 347 867 ·riffimarum
370 816 599 865 virtutum
626 814 966 880 speciminibus.
1035 817 1195 879 Itaque
1228 813 1320 863 fiue
1349 830 1448 872 eas,
1484 831 1591 878 qnae
1612 815 1910 867 fortillimum

73 915 123 964 in
144 914 263 964 bello
297 928 373 964 aut
399 914 448 962 in
481 930 592 978 pace
624 912 1032 979 prudentiffimum
1062 912 1269 963 efficiunt
1294 903 1586 979 Principem,
1623 918 1816 964 virtutes
1837 933 1912 964 re-

60 1013 249 1077 ·quiraS,
282 1012 389 1062 tales
412 996 549 1061 nobis
579 1009 749 1060 summi
770 1011 908 1090 huius
941 1012 1195 1077 PrincipiS,
1230 1013 1277 1060 in
1308 1010 1437 1076 spem
1465 998 1760 1077 optimorum
1792 1027 1912 1063 tem-

61 1125 247 1176 {porum
271 1110 388 1169 nati,
425 1109 517 1159 vita
545 1107 746 1176 gloriose
768 1110 891 1177 gesta
918 1108 1203 1176 suppeditat,
1237 1122 1289 1158 ut
1316 1125 1423 1173 quae
1442 1111 1490 1158 in
1510 1111 1698 1173 reliquis
1719 1110 1915 1178 fingulae

76 1223 173 1258 non
195 1207 289 1257 fine
314 1208 620 1258 admiratione
642 1207 988 1273 resplenduere,
1021 1224 1094 1258 eas
1117 1208 1164 1256 in
1187 1207 1282 1256 hoc
1302 1223 1401 1256 uno
1427 1207 1700 1257 coniunctas
1722 1206 1925 1259 summo»

59 1317 184 1361 ,cum
205 1303 392 1371 stupore
415 1307 688 1357 intueamur.
758 1306 897 1354 Unde
929 1306 1034 1355 belli
1065 1307 1284 1371 pacisque
1311 1306 1459 1372 gloria
1481 1305 1729 1370 praeclanrus
1750 1307 1914 1359 Heros

77 1416 175 1453 utra
213 1404 362 1454 maior
388 1404 526 1453 fuerit
554 1403 744 1453 dubiam
777 1403 963 1467 reliquit
995 1404 1226 1462 Romam,
1261 1418 1373 1451 cum
1402 1416 1597 1467 utraque
1627 1402 1734 1453 esset
1764 1407 1912 1454 maxi-

75 1516 192 1567 mus.
257 1503 330 1551 Ac
350 1501 652 1567 Imperatoria
673 1500 867 1566 quidem
892 1502 1162 1551 auctoritate
1191 1514 1375 1551 tantum
1404 1499 1547 1567 super·
1571 1501 1685 1552 alios
1715 1503 1913 1554 eminuit

69 1597 335 1664 PrincipeS,
367 1612 549 1650 tantum
581 1612 776 1649 caeteros
811 1597 914 1664 post
942 1598 984 1649 se
1016 1598 1177 1649 habuit
1200 1601 1538 1665 Imperatores²
1573 1614 1805 1664 quantum
1833 1618 1910 1652 re-

74 1713 180 1747 rum
207 1696 439 1763 gestarum
459 1699 608 1764 gloria
630 1698 702 1747 vel
726 1698 959 1747 maximos
987 1697 1090 1746 belli
1112 1697 1271 1747 Duces
1295 1698 1387 1747 iam
1416 1697 1601 1764 pridem
1620 1697 1919 1764 superauerat·

50 1838 60 1847 .
75 1794 400 1844 Germanicus.
466 1794 620 1843 Testis
638 1796 724 1843 erit
747 1793 803 1844 ad
825 1796 1043 1846 omnium
1073 1794 1334 1845 seculorum
1357 1796 1635 1846 memoriam
1667 1795 1843 1848 sedatus
1866 1812 1915 1848 et

55 1891 164 1941 ¹{ola
185 1893 282 1941 eius
315 1890 567 1956 praesentiae
594 1893 861 1942 auctoritate
893 1892 1121 1958 repreffus
1155 1894 1446 1944 exercituum
1479 1894 1528 1942 in
1563 1908 1758 1958 utraque
1788 1895 1914 1945 Ger·

59 1991 226 2058 „mania
264 1991 646 2040 tumultuantium
688 1989 838 2043 furor.
930 1990 1152 2040 Dicerem
1190 1991 1309 2050 iam,
1343 1990 1623 2051 Auditores‚
1656 1994 1911 2057 repetitum

58 2068 192 2146 hoc,
226 2087 356 2151 quod
378 2088 426 2136 in
453 2086 627 2137 Caesare
649 2088 765 2137 olim
788 2088 936 2138 Gallia
961 2088 1094 2147 vidit,
1125 2088 1467 2154 spectaculum,
1498 2103 1607 2138 cum
1633 2090 1768 2162 unica
1789 2106 1912 2141 voce

79 2183 286 2252 Qirites
308 2198 432 2235 totus
460 2199 847 2235 commoneretur
867 2187 1122 2244 exercitus,
1157 2185 1240 2235 nifi
1260 2186 1409 2236 maius
1431 2185 1538 2236 esset
1569 2186 1779 2238 strictum
1811 2190 1911 2256 gla-

79 2279 235 2342 dium,
270 2298 437 2353 cruore
457 2284 657 2333 tinctum
676 2297 722 2333 et
743 2286 791 2332 in
818 2283 940 2350 ipsos
962 2285 1125 2335 Duces*
1143 2283 1408 2334 saeuientem
1433 2283 1611 2336 furioso
1630 2299 1914 2352 extorquere

80 2379 238 2439 militi,
273 2397 415 2444 quam
447 2381 749 2431 reluctantem
781 2381 838 2431 ad
861 2381 1073 2431 officium
1106 2383 1343 2432 reducere.
1405 2385 1476 2434 At
1509 2398 1709 2448 quantus
1733 2387 1912 2435 Heroi-

63 2461 236 2538 Jcarum
268 2478 495 2528 virtutum
529 2481 746 2529 cumulus
777 2478 866 2528 sese
899 2480 1143 2544 prodidit,
1182 2498 1295 2530 cum
1325 2480 1385 2530 ad
1413 2481 1573 2544 proelia
1603 2482 1912 2549 progredien-

76 2571 197 2627 dum
223 2574 312 2628 fuit
335 2575 652 2640 Germanico,
682 2569 795 2631 cum
823 2593 1003 2645 pugnae
1023 2592 1068 2629 et
1088 2580 1209 2652 acies
1228 2577 1508 2630 instruendae
1530 2593 1674 2636 erant,
1727 2585 1911 2646 Quanta

1807 2693 1911 2729 tum
