2626 3490
685 335 792 414 ‘Q
874 336 937 410 3<
980 361 1013 398 0
1053 336 1120 413 ><
1200 336 1308 412 st
1776 359 1921 403 mv

81 481 206 520 eum
246 459 619 535 φιλαιθξωπὶως
663 464 769 518 sine
801 463 1045 519 mensura
1087 463 1312 519 modum
1354 479 1403 519 et
1442 464 1545 520 sine
1578 464 1741 523 modo
1776 485 1923 524 rnen·-

76 587 251 644 suram
287 589 472 651 iueffe,
517 605 574 645 vt
628 588 787 644 simile
824 588 982 663 quid,
1024 588 1222 644 nedum
1265 586 1551 652 sublimius,
1583 593 1635 647 in
1670 593 1785 667 ipsis
1824 591 1920 647 illis

0 756 3 757 ν
79 716 346 771 celebratis
385 732 657 789 tantopere
694 732 744 770 et
792 730 936 770 tanto
977 716 1091 769 iure
1118 713 1450 771 Graecorum
1481 715 1606 771 olim
1643 732 1694 772 et
1724 719 1917 776 Roma-

78 856 272 897 norum
301 843 383 897 vel
424 840 604 916 sagatis
634 832 717 897 vel
752 843 938 916 togatis
970 838 1221 898 heroibus
1257 842 1343 898 vix
1376 838 1805 916 deprehenderis,

227 1088 640 1144 Adfirmauerim
674 1086 816 1149 fere,
874 1087 1001 1145 haec
1033 1054 1166 1145 dum
1212 1092 1389 1164 cogito
1420 1124 1436 1153 ,
1493 1088 1578 1147 vel
1613 1087 1917 1163 Petropolin

72 1148 249 1269 {dhuc
277 1213 357 1268 vel
398 1212 499 1286 ipsa
521 1213 1122 1286 Scytharumdomicilia
1153 1231 1259 1269 nou
1281 1216 1433 1271 nimis
1470 1213 1692 1289 longum
1715 1214 1918 1271 Nostro

77 1338 409 1394 interuallum
439 1336 585 1399 fore,
626 1342 754 1409 quin
785 1357 849 1393 eo
874 1356 1043 1410 Vsque
1075 1341 1173 1394 iter
1206 1354 1263 1393 vt
1286 1338 1615 1411 ingrediatur
1645 1338 1770 1393 olim
1795 1356 1919 1412 per-

76 1460 276 1517 suaderi
294 1463 476 1546 poffit,
519 1461 818 1517 dummodo
850 1461 902 1517 id
928 1480 1094 1517 vnum
1127 1464 1191 1519 Ei
1223 1461 1553 1535 persuadeam,
1595 1461 1742 1537 spem
1767 1459 1918 1518 afful-¹

78 1604 204 1662 gere
240 1585 507 1642 commodi
541 1604 636 1660 per
666 1586 844 1662 Ipsum
876 1589 927 1642 in
962 1605 1079 1644 rem
1110 1586 1378 1661 publicam
1429 1604 1481 1645 et
1513 1587 1792 1645 literariam
1830 1606 1915 1643 re-

79 1711 357 1767 dundantis
379 1748 395 1773 ,
431 1707 686 1767 inferendi
728 1711 956 1787 indeque
995 1711 1313 1787 reportandi.
1395 1713 1548 1782 Quae
1579 1716 1670 1787 qui
1700 1730 1915 1770 mecum

80 1832 377 1894 crediderit,
401 1851 505 1888 non
535 1834 766 1891 multum
792 1837 1084 1899 mirabitur,
1100 1836 1608 1912 Diisseldorphinum
1643 1839 1741 1894 iter
1766 1840 1911 1898 Eum

82 1959 184 2013 hoc
216 1975 348 2013 anno
370 1975 550 2031 parare
574 1956 865 2032 eademque
896 1963 975 2015 via
998 1960 1306 2033 repetendas
1327 1961 1588 2016 Bruxellas
1610 1962 1912 2025 decreuisse,

80 2082 225 2157 quod
247 2080 523 2156 quomodo
549 2084 782 2137 euenerit
820 2098 877 2137 vt
910 2101 1004 2139 vos
1035 2083 1286 2146 doceam,
1335 2083 1617 2148 Lectores,
1665 2084 1915 2162 superest.

234 2327 436 2384 Scilicet
459 2326 831 2385 Manhemium
858 2344 911 2385 et
933 2328 996 2386 ad
1023 2313 1242 2387 amatum
1269 2330 1377 2388 Sibi
1409 2346 1678 2409 tantopere
1708 2332 1916 2396 Acade-

0 2541 1 2551 *
77 2455 239 2511 miam
299 2454 488 2516 Anno,
532 2472 642 2529 quo
680 2453 808 2531 hgec
843 2453 1117 2512 scribimus
1165 2457 1627 2514 MDCCLXVIII.
1671 2459 1913 2516 reuersus

81 2578 252 2634 mense
299 2577 514 2653 Aprili,
592 2580 945 2646 Vitzdiciarum
995 2579 1209 2639 suarum
1263 2583 1673 2657 Rupertinarum
1732 2581 1917 2641 sectio-

0 2666 10 3032 κ
999 2722 1038 2761 K
1077 2725 1110 2770 2
1788 2723 1909 2764 nem

5 3037 11 3101 ἰ

7 3103 12 3163 i

8 3165 14 3307 i
