2626 3490
751 352 861 426 ’Q
939 347 1006 422 )(
1045 370 1079 407 0
1118 347 1183 420 ><
1261 346 1370 419 ss
1564 350 1567 354 “
1884 358 1976 400 xm

137 475 518 537 controuersia}
556 487 765 546 tempus
801 472 1009 526 nullum
1044 473 1296 544 suppetit,
1339 471 1538 524 veritati
1575 466 1892 542 indagandae
1923 482 1973 523 et

138 598 512 676 proponendae
563 615 686 653 cum
737 596 1093 670 imag-eruerit,
1157 612 1315 651 omne
1369 593 1611 656 sacrum,
1651 593 1975 664 meminique

1844 714 1975 775 mihi

298 919 498 960 scrutatus
526 917 622 958 sum‘
646 921 685 957 et
717 930 813 958 cum
838 916 1010 970 perinde
1037 915 1139 957 mihi
1176 913 1296 969 poffit
1323 913 1404 955 esse
1423 944 1433 961 ,
1463 912 1629 955 Vbinam
1661 911 1829 953 tandem
1862 909 1976 950 loco-

302 1002 395 1030 rum
421 997 462 1029 et
494 988 686 1042 gentium
713 988 811 1027 artis
848 987 972 1028 huius
1004 987 1255 1028 incunabula
1282 986 1516 1040 quaerenda
1542 983 1814 1027 fint,'mente
1835 994 1856 1020 a
1891 992 1977 1033 par-

303 1059 410 1100 tium
438 1058 567 1098 studio
598 1043 782 1111 profecto
807 1056 1072 1107 aiienisfima,
1103 1058 1216 1098 volui
1254 1067 1296 1097 et
1319 1056 1479 1096 reuolui
1506 1054 1794 1095 recitationem
1821 1051 1979 1092 MEER-

302 1141 608 1170 MANNIANAM.
668 1127 781 1176 Quid
820 1129 878 1168 illi
909 1127 1034 1168 inesse
1065 1127 1435 1182 deprehenderim,
1468 1139 1541 1179 per
1567 1125 1677 1178 quod
1697 1123 1978 1185 ScHOEpFLl‘-

301 1212 457 1240 ΝΙΑΝΛ
486 1198 687 1238 sententia
722 1198 911 1244 vaciliet,
942 1198 1005 1237 vel
1039 1199 1199 1238 moueri
1237 1197 1331 1238 loco
1369 1194 1516 1249 point,
1549 1195 1687 1235 eundo
1721 1207 1792 1246 per
1818 1191 1978 1245 singula

301 1277 570 1322 argumenta,
601 1268 748 1308 lubens
793 1266 1078 1316 ediss'ererem,
1125 1267 1154 1308 fi
1191 1274 1277 1308 tam
1310 1266 1430 1307 facile
1459 1264 1558 1305 esset
1594 1263 1858 1310 Lectoribus,
1886 1262 1978 1315 qui-

299 1339 378 1379 bus
413 1350 453 1379 et
479 1338 572 1391 ipsis
600 1338 680 1377 suis
705 1338 763 1377 vti
794 1338 1021 1378 luminibus
1049 1337 1281 1378 conceffum
1314 1336 1370 1376 est
1399 1348 1441 1375 et
1470 1335 1644 1374 concedi
1669 1334 1808 1385 vtique
1833 1333 1968 1379 debet,

301 1409 491 1449 excusare
504 1409 730 1447 vberratem
753 1406 937 1452 nimiam,
968 1419 1091 1459 quam
1108 1406 1226 1445 facile
1243 1405 1299 1446 est
1317 1419 1390 1459 per
1415 1404 1529 1444 iilam
1546 1415 1740 1457 peccare3
1769 1415 1820 1441 ne
1837 1409 1979 1441 tamen

302 1479 410 1520 nihil
451 1474 620 1518 Omnino
648 1474 800 1515 ‘dixifl'e
832 1476 993 1523 videar,
1033 1476 1165 1516 dieam
1202 1476 1246 1516 in
1289 1474 1514 1529 praesenti,
1547 1474 1664 1529 plura
1695 1471 1860 1514 fortasse
1896 1472 1977 1513 alio

303 1550 397 1588 loco
421 1557 462 1589 et
492 1556 681 1600 tempore
704 1546 887 1586 dicturus
903 1575 913 1593 ‚
937 1546 1018 1586 hoc
1046 1561 1197 1588 vnum:
1229 1557 1313 1586 non
1336 1546 1428 1587 satis
1450 1544 1581 1586 fidere
1605 1559 1671 1586 me
1693 1553 1763 1595 (an
1785 1543 2001 1586 inei-edu:

303 1618 397 1658 litas
428 1617 497 1666 fit,
528 1617 652 1658 seculi
693 1617 964 1669 contagium,
1006 1631 1054 1657 an
1089 1618 1251 1658 obtesae
1285 1617 1436 1657 mentis
1474 1616 1622 1656 vitium
1648 1647 1658 1665 ,
1704 1615 1856 1656 nescio*
1893 1629 1979 1657 non

301 1689 394 1729 satis
414 1719 424 1736 ,
457 1689 651 1741 inquam,
684 1686 812 1727 fidere
841 1701 907 1727 me
938 1687 1136 1740 palmario
1168 1697 1209 1728 et
1234 1687 1453 1742 praecipuo
1478 1686 1644 1729 illustris
1665 1686 1980 1745 MEERMANNt,

302 1765 349 1798 et
387 1758 454 1798 cui
491 1758 576 1798 fere
617 1763 730 1798 totus
756 1747 971 1813 innititur,
1003 1764 1278 1812 argumento,
1308 1758 1409 1799 orali
1454 1757 1610 1798 scilicet
1651 1756 1712 1797 illi
1753 1758 1979 1807 traditioni,

307 1839 434 1879 quae,
465 1827 549 1865 fato
573 1827 753 1878 quodam
777 1828 841 1866 vel
871 1828 942 1868 suo
966 1828 1031 1868 vel
1062 1829 1333 1870 traditionum
1360 1828 1600 1876 communi,
1632 1842 1655 1868 a
1682 1829 1776 1869 sene
1807 1829 1856 1869 ad
1877 1843 1981 1883 pue-

307 1908 376 1935 ros
417 1901 459 1934 et
485 1895 532 1934 ab
565 1896 625 1934 his
653 1895 815 1936 senibus
850 1898 899 1935 ad
931 1897 1032 1936 alios
1062 1898 1219 1952 semper
1245 1913 1393 1951 pueros
1420 1899 1607 1947 transiit3
1634 1899 1683 1938 ab
1708 1901 1980 1952 octogenario

308 1964 402 2004 sene
439 1964 680 2004 CORNEL1O
700 1996 709 2010 ,
739 1965 976 2017 bibliopego
1007 1965 1111 2012 (siue
1143 1967 1213 2006 ille
1245 1968 1343 2013 iam,
1382 1968 1492 2020 quod
1525 1981 1670 2021 parum
1711 1982 1779 2008 me
1806 1976 1978 2018 mouet,

308 2033 512 2087 lacrymas
556 2034 702 2074 fundat
736 2033 819 2075 fiue
852 2036 910 2074 ira
951 2036 1241 2083 excandescat,
1294 2037 1394 2076 dum
1442 2037 1576 2076 nescio
1607 2038 1715 2089 quod
1754 2045 1796 2077 et
1844 2053 1865 2078 a
1895 2053 1978 2093 quo

307 2102 581 2149 commistum,
613 2117 741 2155 quum
770 2105 850 2156 ipse
871 2105 1067 2143 decennis
1092 2119 1194 2157 puer
1212 2104 1323 2153 esset,
1349 2106 1507 2146 furtum
1538 2106 1696 2158 narrat)
1724 2106 1774 2145 ad
1803 2120 1978 2160 puerum

305 2177 395 2214 turn
421 2173 676 2215 ΝωοιΑνΜ
708 2172 905 2215 GALIVM
940 2173 1245 2223 (QVIRINVM
1269 2174 1381 2214 enirn
1404 2175 1672 2223 TALESIVM‚
1697 2177 1770 2230 qui
1795 2177 1881 2218 fere
1910 2194 1977 2220 ea-

305 2241 427 2290 dem,
477 2250 518 2282 at
557 2256 640 2283 non
679 2243 840 2290 eadem,
876 2251 1016 2283 tamen
1056 2244 1154 2283 olim
1197 2242 1396 2284 audiuisse
1429 2244 1468 2284 se
1505 2258 1682 2298 puerum
1719 2246 1978 2300 postmodum

308 2310 512 2353 confessus
559 2312 639 2360 est,
669 2326 753 2353 non
791 2314 946 2361 moror)
993 2321 1035 2353 et
1071 2314 1119 2354 a'b
1159 2314 1266 2362 hoc,
1296 2315 1422 2368 longa
1457 2316 1608 2356 canitie
1643 2319 1896 2367 venerabili,
1927 2320 1978 2361 ad

0 2370 7 2654 ἱ
305 2394 481 2438 puerum
501 2382 651 2423 iterum
674 2383 1020 2424 HADRIANVM
1053 2384 1279 2428 IVNIVM.
1307 2386 1377 2439 qui
1398 2386 1494 2426 cum
1523 2386 1693 2427 tandem
1710 2387 1753 2427 in
1773 2388 1918 2431 Virum
1936 2397 1978 2432 et

309 2450 436 2492 iustae
468 2467 513 2492 ae
550 2453 739 2506 integrae
764 2453 909 2493 aetatis
936 2453 1151 2494 hominem
1177 2455 1443 2504 excreuiss'et‚
1491 2456 1645 2505 literis,
1677 2458 1786 2510 quod
1819 2459 1976 2502 bonum

309 2520 463 2565 cauflhe
493 2522 827 2572 Harlemenfium
862 2523 997 2568 fatum
1027 2522 1108 2576 est,
1156 2525 1246 2580 post
1270 2527 1485 2581 integrum
1509 2526 1680 2571 demum
1701 2526 1834 2584 sesqui
1862 2529 1977 2573 secu-

1887 2599 1974 2643 lum

1139 2714 1174 2755 Ῐ

12 3180 19 3281 1

15 3284 21 3386 ἱ
