2585 3485
682 323 792 402 *ἦ
871 326 937 399 )(
977 348 1012 384 0
1047 324 1114 398 )(
1157 323 1302 397 st*
1839 342 1906 396 53

128 468 134 472 ·
209 451 364 504 Natus
386 450 504 499 inter
531 449 636 498 belli
663 448 805 498 Gallo
831 446 1069 513 Hispanici
1107 449 1336 507 flammas;
1375 447 1493 495 inter
1525 446 1694 514 strages
1724 447 1911 497 Borbo-

80 555 181 603 niae
213 527 383 600 domus
417 524 638 597 miraculo
674 546 896 603 seruatus,
932 563 1080 610 quum
1104 544 1240 593 frater
1269 546 1389 602 eius,
1427 559 1554 609 pater
1577 560 1622 593 et
1644 561 1782 599 auus,
1819 561 1910 595 tres

82 649 162 698 fibi
207 640 790 711 succedentes'Delphini,
832 644 1079 692 Ludouico
1110 643 1231 709 Regi
1271 642 1578 701 Grandaeuo,
1627 644 1756 691 breui
1796 659 1911 692 tem-

77 763 249 813 porum
269 745 408 811 spatio
422 746 728 809 eriperentur,
741 741 1127 793 LVDOVICVS
1142 741 1294 790 noster
1307 739 1551 805 superstitit
1574 741 1720 791 infans
1738 758 1750 803 3
1775 744 1909 807 quin·

75 846 271 909 quennis
305 860 419 908 puer
458 858 635 908 proauo
656 841 902 890 Ludouico
932 854 982 891 vt
1003 839 1267 905 Delphinus
1300 837 1577 887 succederet.

111 1066 116 1071 ι
206 1006 432 1055 Educatio
461 1021 506 1055 et
546 1004 778 1070 disciplina
807 1004 1126 1054 succrescentis
1160 1003 1339 1069 pueruli
1363 1003 1506 1068 Regis
1539 1000 1748 1067 Regibus
1782 1003 1907 1053 futu-

74 1105 137 1154 ris
167 1106 337 1169 poterit
368 1103 455 1152 effe
489 1104 718 1168 exemplo.
787 1102 1053 1152 Bossuetius
1083 1116 1128 1151 et
1152 1101 1191 1150 F
1194 1101 1456 1158 enelonius,
1486 1099 1690 1147 deorum
1717 1102 1908 1165 Delphi-

77 1218 249 1251 norum
292 1202 523 1250 Doctores
558 1218 817 1264 eorumque
855 1200 1078 1249 successor
1111 1200 1348 1256 Fleurius,
1401 1197 1731 1247 LVDOVICI
1762 1200 1906 1247 nostri

75 1299 310 1348 doctrinae
334 1298 624 1356 moderator,
661 1314 877 1362 quantam
903 1297 1180 1346 sublimioris
1203 1296 1487 1344 educationis
1519 1294 1643 1359 spem
1670 1297 1906 1346 mentibus

72 1397 236 1447 nostris
300 1398 466 1444 iniecit.
570 1397 690 1444 Non
754 1395 1041 1443 monstrosus
1114 1395 1218 1441 heic
1281 1394 1354 1440 vel
1421 1391 1648 1440 fabulosus
1714 1395 1906 1443 iactatur

72 1495 271 1553 Chiron,
293 1494 366 1543 sed
391 1493 625 1558 Ephorus,
651 1493 696 1540 in
723 1508 822 1556 quo
845 1490 1107 1548 Arsenium,
1140 1490 1410 1545 ,Alcuinum,
1447 1487 1790 1548 Calliodorum,
1824 1508 1905 1540 ve-

71 1604 189 1642 teres
219 1593 320 1642 illos
344 1592 616 1656 Principum
644 1590 886 1649 nutritios,
921 1589 1080 1639 nostro
1114 1605 1229 1639 aeuo
1265 1587 1504 1637 rediuiuos
1534 1586 1835 1652 conspiceres.

198 1755 410 1803 Floridae
433 1754 650 1819 pueritiae
677 1753 878 1804 succeffit
900 1754 1200 1803 adolescentia
1224 1755 1404 1819 vigens,
1430 1754 1505 1802 cui
1532 1755 1581 1802 in
1606 1757 1738 1808 omni
1765 1757 1904 1807 Fran-

74 1851 196 1899 cicae
230 1851 530 1899 Monarchiae
572 1850 756 1898 historia
791 1853 871 1898 vix
910 1851 1104 1900 similem
1138 1839 1334 1915 reperio.
1423 1854 1710 1901 Autocrator
1741 1855 1902 1904 Ruffo-

68 1963 205 2005 rum,
242 1947 404 1995 Petrus
432 1947 503 1994 ille
526 1963 580 1995 ex
609 1947 912 1996 Romanouiis
940 1949 1146 2011 primus,
1181 1949 1422 2005 omnium,
1458 1948 1606 1997 Ruffis
1644 1951 1724 2013 qui
1751 1952 1929 2016 impe-„

69 2058 228 2094 rarunt
253 2060 297 2092 et
317 2045 587 2108 imperaturi
614 2042 738 2102 sunt,
775 2045 1035 2101 maximus,
1070 2045 1126 2092 ab
1161 2045 1380 2093 extremis
1405 2043 1727 2108 septentrionis
1761 2052 1900 2114 parti-

68 2142 170 2199 bus,
189 2140 419 2191 advolauit
454 2141 699 2197 Lutetiam,
722 2139 1139 2190 LVDOVICVM
1165 2142 1393 2189 inuisurus
1416 2141 1703 2206 septennem.
1783 2148 1898 2195 Mo-

66 2239 237 2288 narcha
267 2237 457 2303 hospes,
518 2237 830 2287 Monarchsm
866 2237 1200 2287 adolescentem
1239 2241 1385 2288 amice
1422 2241 1723 2304 complexus,
1771 2261 1894 2308 prae-

69 2334 265 2384 sentibus
299 2337 571 2399 proceribus
621 2337 792 2393 Aulae,
827 2351 1077 2401 auguratus
1113 2336 1202 2395 est,
1239 2338 1491 2402 imperium
1527 2340 1623 2388 eius
1663 2346 1896 2407 mig-nitu.-

67 2432 176 2481 dine
204 2448 453 2481 euentuum
496 2433 839 2483 memorabilius
869 2433 969 2481 fore
999 2435 1198 2498 imperio
1222 2435 1419 2494 Proaui,
1455 2437 1537 2500 qui
1557 2453 1716 2487 rerum
1748 2441 1894 2504 gella-

65 2546 173 2579 rum
195 2529 341 2597 gloria
368 2530 546 2580 MAGNJ
579 2548 755 2581 nomen
777 2531 968 2595 adeptus
998 2531 1073 2580 est.

991 2689 1042 2739 G
1078 2708 1105 2754 3
1618 2704 1620 2706 ’
1764 2695 1891 2744 Vati-
