2567 3470
664 331 740 387 -ιε
1276 310 1399 410 ἢ,
1469 315 1534 389 ><
1573 337 1609 374 0
1649 316 1716 391 ><
1793 315 1904 391 aa*

668 440 887 491 omnium
909 435 1135 486 ordinum
1165 439 1551 502 exercituumque
1576 441 1811 490 veneratio
1834 441 1924 490 iam
1950 439 2132 505 pridem
2156 439 2325 491 Caesar'i
2356 442 2535 496 nostro

667 541 794 591 viam
818 537 874 589 ad
895 536 1134 585 summum
1157 537 1359 586 Romani
1380 538 1506 588 orbis
1532 538 1762 606 fastigium
1788 539 2027 598 strauerat,
2064 538 2145 589 nisi
2167 539 2391 591 modestia
2419 541 2535 600 eius

669 654 714 689 et
739 639 883 705 pietas
904 636 1055 686 oblata
1082 634 1341 696 recusasset,
1373 653 1711 702 expectat-eque
1745 636 2031 703 Imperium,
2064 654 2207 702 quam
2240 638 2410 689 habere
2441 653 2520 701 ειυς
2561 679 2564 681 -

668 730 830 805 τερεῗε
864 733 1102 800 maluisset.
1188 736 1373 785 Partem
1408 736 1508 785 liaec
1538 736 1727 786 laudum
1766 739 1864 786 cius
1900 736 2203 796 constituunt,
2238 738 2537 814 Auditores,

669 854 778 903 quae
802 837 850 885 in
877 835 971 885 aliis
995 834 1084 885 sola
1113 835 1432 901 amplissimam
1467 837 1634 904 gloriae
1666 837 1906 885 materiam
1932 835 2193 900 praeberent
2203 852 2219 897 ,·
2255 837 2518 902 quibusque

667 936 812 987 fidem
843 935 924 984 vix
964 933 1203 983 addidisset
1241 936 1505 998 posteritas,
1561 935 1642 984 nisi
1677 953 1700 984 a
1730 936 2023 986 Germanico
2057 934 2174 985 facta
2207 933 2296 984 ess'e
2329 935 2537 1004 legeret.

667 1036 798 1087 Cum
828 1034 954 1082 enim
984 1031 1200 1081 uniuerso
1232 1032 1528 1093 cohortium,
1566 1035 1835 1100 legionum,
1869 1036 2108 1099 totiusque
2138 1035 2368 1084 exercitus
2401 1051 2518 1085 con.

666 1132 793 1184 sensu
833 1131 1087 1197 imperium
1120 1129 1202 1196 ipsi
1244 1129 1493 1181 offerretur
1516 1167 1528 1191 ,
1565 1134 1880 1199 omniumque
1917 1134 2059 1183 animi
2099 1132 2155 1182 ad
2187 1147 2386 1203 conatus
2415 1134 2515 1186 eius

668 1233 835 1283 intenti
863 1230 936 1281 vel
967 1244 1137 1308 nutum
1164 1224 1408 1296 eizpectare
1438 1233 1732 1292 viderentur,
1771 1250 1867 1282 non
1894 1231 2041 1282 solum
2066 1230 2422 1282 constantiffime
2445 1249 2539 1283 re.

669 1331 865 1390 cufauit,
902 1329 1032 1394 quod
1057 1330 1128 1379 alii
1155 1328 1465 1378 ardentiffime
1487 1345 1722 1395 peterent,
1757 1331 1830 1380 sed
1858 1349 1915 1381 ne
1936 1348 2046 1380 cum
2083 1332 2191 1380 virae
2212 1329 2404 1395 quidem
2428 1330 2540 1382 suae

670 1429 880 1496 periculo
907 1426 1126 1476 inductus
1147 1427 1234 1485 est,
1271 1442 1322 1476 ut
1343 1428 1415 1477 vel
1445 1429 1715 1479 lenissimam
1748 1429 1992 1478 consensus
2012 1429 2077 1478 sui
2099 1442 2259 1479 notam
2288 1430 2539 1494 exprime-

667 1542 753 1579 ret.
833 1526 972 1576 Adeo
1009 1542 1121 1575 cum
1155 1526 1314 1576 omnia
1365 1525 1533 1576 faceret
1572 1528 1947 1594 incomparabilis
1983 1528 2169 1587 HerOS,
2206 1541 2257 1577 ut
2289 1528 2519 1594 imperare
2534 1502 2541 1576 l

636 1619 885 1684 ”deberem
920 1624 1034 1673 nihil
1064 1638 1219 1673 tamen
1244 1623 1462 1684 faciebat,
1496 1639 1548 1675 ut
1579 1627 1840 1692 imperaret.
1908 1625 2176 1691 Inauditum
2209 1614 2541 1703 exemplum}v

668 1723 895 1791 repulsam
924 1724 1096 1789 patitur
1116 1723 1433 1787 PrincipatuS,
1467 1738 1514 1772 et
1539 1724 1616 1773 hic
1646 1723 1766 1778 solus
1797 1725 1860 1773 est
1894 1726 2168 1774 Germanici
2193 1725 2418 1785 ambituS,
2453 1742 2513 1776 ne
2539 1757 2541 1764 ·

669 1825 895 1890 Princeps
917 1822 1070 1885 fieret3
1097 1836 1157 1871 ut
1183 1821 1406 1887 Princeps
1441 1821 1529 1871 esse
1552 1822 1765 1880 deberet,
1802 1822 2038 1889 praestitit,
2075 1841 2135 1873 ne
2165 1823 2300 1882 esset,
2335 1823 2512 1875 recusa-
2539 1872 2548 1899 ᾗ,

669 1925 753 1974 uit.
823 1923 1012 1972 Mactus
1034 1937 1152 1988 ergo
1176 1921 1347 1970 virtute
1369 1920 1490 1981 esto,
1526 1923 1728 1971 Maxime
1751 1923 1938 1982 HerOS,
1973 1923 2054 1986 qui
2080 1923 2260 1987 primus
2279 1922 2515 1977 excellenti

669 2036 714 2073 et
734 2022 891 2071 diuina
911 2021 1053 2070 animi
1077 2020 1146 2069 tui
1173 2019 1497 2087 magnitudine
1524 2019 1735 2085 spernere
1757 2020 1888 2070 ausus
1911 2037 1976 2080 es,
2003 2020 2136 2085 quod
2162 2021 2232 2071 alii
2256 2037 2340 2086 per
2364 2012 2529 2088 ignes,v
2555 2044 2565 2082 χ

670 2138 754 2187 per
785 2119 963 2170 ferrum
996 2131 1041 2168 et
1073 2118 1274 2184 pretioso
1313 2102 1560 2182 multoque
1601 2119 1823 2185 sanguine
1861 2133 2041 2183 petunt.
2127 2119 2218 2168 Ibit
2258 2119 2307 2167 in
2345 2118 2511 2180 secula,
2541 2095 2566 2110 μ

668 2217 800 2269 fuisse
824 2218 1120 2282 Principem,
1156 2217 1288 2265 cuius
1315 2217 1770 2282 magnanimitatem,
1808 2218 1939 2265 cuius
1970 2217 2187 2281 pietatem
2221 2234 2308 2266 nec
2340 2198 2562 2285 precessi‘

671 2334 758 2367 nec
792 2317 958 2373 minae,
992 2331 1078 2363 nec
1101 2314 1320 2363 omnium
1341 2311 1631 2379 populorum
1653 2313 1885 2379 splendor,
1920 2331 2007 2362 nec
2036 2314 2299 2380 amplissimi
2323 2315 2512 2381 Imperii
2549 2332 2567 2362 ἰ

673 2415 888 2466 Maiestas
910 2428 1103 2462 mouere
1131 2426 1399 2478 potuerunt.
1467 2412 1559 2462 Sed
1589 2427 1788 2476 quantus
1807 2429 1969 2478 porro,
1996 2412 2266 2474 Auditores,
2295 2416 2509 2473 omnium
2555 2445 2563 2457 ι

672 2513 863 2564 laudum
886 2512 1145 2579 gloriaeque
1174 2519 1454 2565 concentus!
1492 2527 1662 2577 quanta
1687 2527 1730 2560 et
1755 2527 1897 2581 quam
1922 2528 2019 2561 rara
2043 2512 2286 2562 illustrium
2318 2511 2511 2562 diversa-

674 2629 878 2678 rumque
903 2613 1133 2662 virtutum
1171 2610 1442 2664 concordia.
1535 2612 1632 2663 Hie
1662 2611 1941 2678 grauitatem
1976 2610 2238 2677 simplicitas
2257 2644 2273 2672 ,
2306 2610 2511 2662 seuerita-

2417 2722 2510 2761 tem
