<?xml version="1.0" encoding="UTF-8"?>
<!DOCTYPE html PUBLIC "-//W3C//DTD XHTML 1.0 Transitional//EN"
    "http://www.w3.org/TR/xhtml1/DTD/xhtml1-transitional.dtd">
<html xmlns="http://www.w3.org/1999/xhtml" xml:lang="en" lang="en">
 <head>
  <title>
</title>
<meta http-equiv="Content-Type" content="text/html;charset=utf-8" />
  <meta name='ocr-system' content='tesseract 3.04.00' />
  <meta name='ocr-capabilities' content='ocr_page ocr_carea ocr_par ocr_line ocrx_word'/>
</head>
<body>
  <div class='ocr_page' id='page_1' title='image "./operaoratoriapan00schouoft_0159.png"; bbox 0 0 2585 3485; ppageno 0'>
   <div class='ocr_carea' id='block_1_1' title="bbox 0 66 2 1375">
    <p class='ocr_par' dir='ltr' id='par_1_1' title="bbox 0 66 2 1375">
     <span class='ocr_line' id='line_1_1' title="bbox 0 66 2 1375; baseline 0 0"><span class='ocrx_word' id='word_1_1' title='bbox 0 66 2 1375; x_wconf 95' lang='lat' dir='ltr'> </span> 
     </span>
    </p>
   </div>
   <div class='ocr_carea' id='block_1_2' title="bbox 6 1811 9 2533">
    <p class='ocr_par' dir='ltr' id='par_1_2' title="bbox 6 1811 9 2533">
     <span class='ocr_line' id='line_1_2' title="bbox 6 1811 9 2533; baseline 0 0"><span class='ocrx_word' id='word_1_2' title='bbox 6 1811 9 2533; x_wconf 95' lang='lat' dir='ltr'> </span> 
     </span>
    </p>
   </div>
   <div class='ocr_carea' id='block_1_3' title="bbox 5 2669 83 3387">
    <p class='ocr_par' dir='ltr' id='par_1_3' title="bbox 5 2669 83 3387">
     <span class='ocr_line' id='line_1_3' title="bbox 5 2669 9 2842; baseline 0 0"><span class='ocrx_word' id='word_1_3' title='bbox 5 2669 9 2842; x_wconf 77' lang='grc' dir='ltr'>ἰ</span> 
     </span>
     <span class='ocr_line' id='line_1_4' title="bbox 5 2844 9 2967; baseline 0 92"><span class='ocrx_word' id='word_1_4' title='bbox 5 2844 9 2967; x_wconf 77' lang='lat'><strong>¹</strong></span> 
     </span>
     <span class='ocr_line' id='line_1_5' title="bbox 6 3080 9 3175; baseline 0 0"><span class='ocrx_word' id='word_1_5' title='bbox 6 3080 9 3175; x_wconf 65' lang='grc' dir='ltr'>ἔ</span> 
     </span>
     <span class='ocr_line' id='line_1_6' title="bbox 6 3182 10 3271; baseline 0 0"><span class='ocrx_word' id='word_1_6' title='bbox 6 3182 10 3271; x_wconf 70' lang='grc' dir='ltr'><strong>Ξ</strong></span> 
     </span>
     <span class='ocr_line' id='line_1_7' title="bbox 7 3315 83 3387; baseline 0 -39"><span class='ocrx_word' id='word_1_7' title='bbox 7 3315 10 3387; x_wconf 59' lang='grc' dir='ltr'><strong>Ξ</strong></span> <span class='ocrx_word' id='word_1_8' title='bbox 67 3334 83 3348; x_wconf 67' lang='lat' dir='ltr'><em>s</em></span> 
     </span>
    </p>
   </div>
   <div class='ocr_carea' id='block_1_4' title="bbox 73 320 1916 1201">
    <p class='ocr_par' dir='ltr' id='par_1_4' title="bbox 73 320 1916 1201">
     <span class='ocr_line' id='line_1_8' title="bbox 686 320 1913 400; baseline 0 0"><span class='ocrx_word' id='word_1_9' title='bbox 686 320 794 400; x_wconf 60' lang='lat' dir='ltr'>’Q</span> <span class='ocrx_word' id='word_1_10' title='bbox 873 323 938 396; x_wconf 84' lang='lat'>&gt;&lt;</span> <span class='ocrx_word' id='word_1_11' title='bbox 978 344 1013 382; x_wconf 84' lang='lat'><em>0</em></span> <span class='ocrx_word' id='word_1_12' title='bbox 1050 322 1116 396; x_wconf 87' lang='grc'>&gt;&lt;</span> <span class='ocrx_word' id='word_1_13' title='bbox 1190 320 1301 397; x_wconf 52' lang='lat' dir='ltr'>st»</span> <span class='ocrx_word' id='word_1_14' title='bbox 1838 340 1913 400; x_wconf 77' lang='lat'>37</span> 
     </span>
     <span class='ocr_line' id='line_1_9' title="bbox 77 435 1911 512; baseline -0.002 -9"><span class='ocrx_word' id='word_1_15' title='bbox 77 449 250 504; x_wconf 75' lang='lat' dir='ltr'>ruiandi</span> <span class='ocrx_word' id='word_1_16' title='bbox 273 448 458 500; x_wconf 84' lang='lat' dir='ltr'>materia</span> <span class='ocrx_word' id='word_1_17' title='bbox 479 444 584 512; x_wconf 83' lang='lat' dir='ltr'>ipsis</span> <span class='ocrx_word' id='word_1_18' title='bbox 615 444 915 512; x_wconf 72' lang='lat' dir='ltr'>potentissimi</span> <span class='ocrx_word' id='word_1_19' title='bbox 935 447 1092 512; x_wconf 82' lang='lat' dir='ltr'>Regni</span> <span class='ocrx_word' id='word_1_20' title='bbox 1115 435 1306 496; x_wconf 82' lang='lat' dir='ltr'>aemulis</span> <span class='ocrx_word' id='word_1_21' title='bbox 1338 445 1621 512; x_wconf 82' lang='lat' dir='ltr'>suppeditata</span> <span class='ocrx_word' id='word_1_22' title='bbox 1651 447 1911 500; x_wconf 87' lang='lat' dir='ltr'>videbatur.</span> 
     </span>
     <span class='ocr_line' id='line_1_10' title="bbox 75 543 1912 614; baseline -0.001 -15"><span class='ocrx_word' id='word_1_23' title='bbox 75 547 454 614; x_wconf 82' lang='lat' dir='ltr'>Triumphabant</span> <span class='ocrx_word' id='word_1_24' title='bbox 498 545 559 593; x_wconf 84' lang='lat' dir='ltr'>illi</span> <span class='ocrx_word' id='word_1_25' title='bbox 596 545 642 592; x_wconf 88' lang='lat' dir='ltr'>in</span> <span class='ocrx_word' id='word_1_26' title='bbox 680 543 927 601; x_wconf 80' lang='lat' dir='ltr'>tristiffimo</span> <span class='ocrx_word' id='word_1_27' title='bbox 965 558 1010 593; x_wconf 91' lang='lat' dir='ltr'>et</span> <span class='ocrx_word' id='word_1_28' title='bbox 1040 544 1280 594; x_wconf 74' lang='lat' dir='ltr'>Vniuersali</span> <span class='ocrx_word' id='word_1_29' title='bbox 1320 548 1462 594; x_wconf 79' lang='lat' dir='ltr'>totius</span> <span class='ocrx_word' id='word_1_30' title='bbox 1492 547 1711 596; x_wconf 87' lang='lat' dir='ltr'>Franciae</span> <span class='ocrx_word' id='word_1_31' title='bbox 1756 548 1912 609; x_wconf 79' lang='lat' dir='ltr'>luctu3</span> 
     </span>
     <span class='ocr_line' id='line_1_11' title="bbox 78 624 1914 712; baseline -0.001 -16"><span class='ocrx_word' id='word_1_32' title='bbox 78 644 490 712; x_wconf 22' lang='lat' dir='ltr'>triumphabant-in</span> <span class='ocrx_word' id='word_1_33' title='bbox 522 641 756 692; x_wconf 85' lang='lat' dir='ltr'>horrenda</span> <span class='ocrx_word' id='word_1_34' title='bbox 781 641 890 701; x_wconf 81' lang='lat' dir='ltr'>hac,</span> <span class='ocrx_word' id='word_1_35' title='bbox 926 659 1044 706; x_wconf 82' lang='lat' dir='ltr'>quae</span> <span class='ocrx_word' id='word_1_36' title='bbox 1074 656 1262 692; x_wconf 85' lang='lat' dir='ltr'>cunctas</span> <span class='ocrx_word' id='word_1_37' title='bbox 1288 624 1553 712; x_wconf 79' lang='lat' dir='ltr'>prouincias</span> <span class='ocrx_word' id='word_1_38' title='bbox 1585 645 1914 709; x_wconf 71' lang='lat' dir='ltr'>conquassaue-</span> 
     </span>
     <span class='ocr_line' id='line_1_12' title="bbox 75 725 1914 806; baseline 0 -12"><span class='ocrx_word' id='word_1_39' title='bbox 75 757 143 794; x_wconf 84' lang='lat' dir='ltr'>rat</span> <span class='ocrx_word' id='word_1_40' title='bbox 154 777 168 802; x_wconf 82' lang='grc'>,</span> <span class='ocrx_word' id='word_1_41' title='bbox 200 742 376 794; x_wconf 77' lang='lat' dir='ltr'>Coloffi</span> <span class='ocrx_word' id='word_1_42' title='bbox 404 742 570 791; x_wconf 77' lang='lat' dir='ltr'>Gallici</span> <span class='ocrx_word' id='word_1_43' title='bbox 594 741 749 800; x_wconf 82' lang='lat' dir='ltr'>ruina,</span> <span class='ocrx_word' id='word_1_44' title='bbox 781 754 826 789; x_wconf 90' lang='lat' dir='ltr'>et</span> <span class='ocrx_word' id='word_1_45' title='bbox 851 757 1009 790; x_wconf 78' lang='lat' dir='ltr'>rerum</span> <span class='ocrx_word' id='word_1_46' title='bbox 1030 739 1214 790; x_wconf 87' lang='lat' dir='ltr'>suarum</span> <span class='ocrx_word' id='word_1_47' title='bbox 1247 742 1337 790; x_wconf 79' lang='lat' dir='ltr'>iarn</span> <span class='ocrx_word' id='word_1_48' title='bbox 1360 741 1493 806; x_wconf 87' lang='lat' dir='ltr'>plane</span> <span class='ocrx_word' id='word_1_49' title='bbox 1526 741 1670 791; x_wconf 84' lang='lat' dir='ltr'>securi</span> <span class='ocrx_word' id='word_1_50' title='bbox 1695 725 1793 793; x_wconf 75' lang='lat' dir='ltr'>¹vno</span> <span class='ocrx_word' id='word_1_51' title='bbox 1819 744 1914 795; x_wconf 90' lang='lat' dir='ltr'>hoc</span> 
     </span>
     <span class='ocr_line' id='line_1_13' title="bbox 74 838 1915 906; baseline 0.002 -16"><span class='ocrx_word' id='word_1_52' title='bbox 74 842 168 890; x_wconf 89' lang='lat' dir='ltr'>ictu</span> <span class='ocrx_word' id='word_1_53' title='bbox 192 840 427 906; x_wconf 82' lang='lat' dir='ltr'>pristinam</span> <span class='ocrx_word' id='word_1_54' title='bbox 448 840 569 888; x_wconf 85' lang='lat' dir='ltr'>illam</span> <span class='ocrx_word' id='word_1_55' title='bbox 600 838 904 888; x_wconf 68' lang='lat' dir='ltr'>florentissimi</span> <span class='ocrx_word' id='word_1_56' title='bbox 925 839 1078 905; x_wconf 81' lang='lat' dir='ltr'>Regni</span> <span class='ocrx_word' id='word_1_57' title='bbox 1106 838 1367 888; x_wconf 75' lang='lat' dir='ltr'><strong>felicitatem</strong></span> <span class='ocrx_word' id='word_1_58' title='bbox 1391 839 1665 901; x_wconf 77' lang='lat' dir='ltr'>concidiffe3</span> <span class='ocrx_word' id='word_1_59' title='bbox 1700 843 1915 906; x_wconf 79' lang='lat' dir='ltr'>amitten-</span> 
     </span>
     <span class='ocr_line' id='line_1_14' title="bbox 75 937 1915 1006; baseline 0.002 -19"><span class='ocrx_word' id='word_1_60' title='bbox 75 938 163 988; x_wconf 86' lang='lat' dir='ltr'>dos</span> <span class='ocrx_word' id='word_1_61' title='bbox 206 938 292 987; x_wconf 80' lang='lat' dir='ltr'>effe</span> <span class='ocrx_word' id='word_1_62' title='bbox 332 954 402 988; x_wconf 90' lang='lat' dir='ltr'>tot</span> <span class='ocrx_word' id='word_1_63' title='bbox 441 940 774 997; x_wconf 79' lang='lat' dir='ltr'>victoriarum,</span> <span class='ocrx_word' id='word_1_64' title='bbox 809 951 879 1002; x_wconf 59' lang='lat' dir='ltr'>tor</span> <span class='ocrx_word' id='word_1_65' title='bbox 913 937 1292 1003; x_wconf 83' lang='lat' dir='ltr'>triumphorum,</span> <span class='ocrx_word' id='word_1_66' title='bbox 1330 952 1400 987; x_wconf 87' lang='lat' dir='ltr'>tot</span> <span class='ocrx_word' id='word_1_67' title='bbox 1430 938 1632 1004; x_wconf 80' lang='lat' dir='ltr'>insignes</span> <span class='ocrx_word' id='word_1_68' title='bbox 1668 939 1915 1006; x_wconf 77' lang='lat' dir='ltr'>prospero-</span> 
     </span>
     <span class='ocr_line' id='line_1_15' title="bbox 75 1035 1916 1103; baseline 0.001 -16"><span class='ocrx_word' id='word_1_69' title='bbox 75 1053 183 1087; x_wconf 87' lang='lat' dir='ltr'>rum</span> <span class='ocrx_word' id='word_1_70' title='bbox 214 1035 497 1085; x_wconf 67' lang='lat' dir='ltr'>successuum</span> <span class='ocrx_word' id='word_1_71' title='bbox 520 1036 697 1085; x_wconf 84' lang='lat' dir='ltr'>fructus</span> <span class='ocrx_word' id='word_1_72' title='bbox 721 1053 844 1085; x_wconf 82' lang='lat' dir='ltr'>vano</span> <span class='ocrx_word' id='word_1_73' title='bbox 871 1037 1004 1101; x_wconf 79' lang='lat' dir='ltr'>plane</span> <span class='ocrx_word' id='word_1_74' title='bbox 1034 1038 1233 1103; x_wconf 83' lang='lat' dir='ltr'>augurio</span> <span class='ocrx_word' id='word_1_75' title='bbox 1255 1036 1357 1086; x_wconf 78' lang='lat' dir='ltr'>sunt</span> <span class='ocrx_word' id='word_1_76' title='bbox 1380 1037 1628 1088; x_wconf 83' lang='lat' dir='ltr'>vaticinati.</span> <span class='ocrx_word' id='word_1_77' title='bbox 1697 1040 1796 1089; x_wconf 81' lang='lat' dir='ltr'>Iam</span> <span class='ocrx_word' id='word_1_78' title='bbox 1820 1040 1916 1089; x_wconf 89' lang='lat' dir='ltr'>bel-</span> 
     </span>
     <span class='ocr_line' id='line_1_16' title="bbox 73 1134 1916 1201; baseline 0.004 -19"><span class='ocrx_word' id='word_1_79' title='bbox 73 1134 114 1183; x_wconf 87' lang='lat' dir='ltr'>la</span> <span class='ocrx_word' id='word_1_80' title='bbox 147 1151 206 1183; x_wconf 82' lang='lat' dir='ltr'>ex</span> <span class='ocrx_word' id='word_1_81' title='bbox 237 1135 364 1183; x_wconf 79' lang='lat' dir='ltr'>bellis</span> <span class='ocrx_word' id='word_1_82' title='bbox 382 1152 393 1195; x_wconf 83' lang='lat'>3</span> <span class='ocrx_word' id='word_1_83' title='bbox 430 1136 518 1183; x_wconf 89' lang='lat' dir='ltr'>iam</span> <span class='ocrx_word' id='word_1_84' title='bbox 548 1134 734 1184; x_wconf 83' lang='lat' dir='ltr'>foedera</span> <span class='ocrx_word' id='word_1_85' title='bbox 766 1150 823 1183; x_wconf 87' lang='lat' dir='ltr'>ex</span> <span class='ocrx_word' id='word_1_86' title='bbox 852 1134 1122 1184; x_wconf 79' lang='lat' dir='ltr'>foederibus</span> <span class='ocrx_word' id='word_1_87' title='bbox 1156 1134 1316 1201; x_wconf 86' lang='lat' dir='ltr'>paffim</span> <span class='ocrx_word' id='word_1_88' title='bbox 1348 1136 1521 1185; x_wconf 79' lang='lat' dir='ltr'>oritura</span> <span class='ocrx_word' id='word_1_89' title='bbox 1533 1153 1546 1197; x_wconf 85' lang='lat'>3</span> <span class='ocrx_word' id='word_1_90' title='bbox 1582 1137 1672 1185; x_wconf 83' lang='lat' dir='ltr'>iam</span> <span class='ocrx_word' id='word_1_91' title='bbox 1704 1153 1916 1190; x_wconf 85' lang='lat' dir='ltr'>connexa</span> 
     </span>
    </p>
   </div>
   <div class='ocr_carea' id='block_1_5' title="bbox 76 1231 1915 1297">
    <p class='ocr_par' dir='ltr' id='par_1_5' title="bbox 76 1231 1915 1297">
     <span class='ocr_line' id='line_1_17' title="bbox 76 1231 1915 1297; baseline 0.004 -17"><span class='ocrx_word' id='word_1_92' title='bbox 76 1231 301 1296; x_wconf 79' lang='lat' dir='ltr'>quaedam</span> <span class='ocrx_word' id='word_1_93' title='bbox 328 1233 560 1280; x_wconf 66' lang='lat' dir='ltr'>maiorum</span> <span class='ocrx_word' id='word_1_94' title='bbox 583 1231 745 1291; x_wconf 82' lang='lat' dir='ltr'>series,</span> <span class='ocrx_word' id='word_1_95' title='bbox 783 1233 925 1281; x_wconf 80' lang='lat' dir='ltr'>veluti</span> <span class='ocrx_word' id='word_1_96' title='bbox 958 1232 1188 1281; x_wconf 87' lang='lat' dir='ltr'>diluuium</span> <span class='ocrx_word' id='word_1_97' title='bbox 1226 1232 1466 1297; x_wconf 84' lang='lat' dir='ltr'>quoddam</span> <span class='ocrx_word' id='word_1_98' title='bbox 1489 1233 1687 1283; x_wconf 59' lang='lat' dir='ltr'>Galliam</span> <span class='ocrx_word' id='word_1_99' title='bbox 1718 1236 1915 1287; x_wconf 81' lang='lat' dir='ltr'>inunda-</span> 
     </span>
    </p>
   </div>
   <div class='ocr_carea' id='block_1_6' title="bbox 50 1329 1915 1392">
    <p class='ocr_par' dir='ltr' id='par_1_6' title="bbox 50 1329 1915 1392">
     <span class='ocr_line' id='line_1_18' title="bbox 50 1329 1915 1392; baseline 0.003 -14"><span class='ocrx_word' id='word_1_100' title='bbox 50 1342 197 1392; x_wconf 50' lang='lat' dir='ltr'>jura,</span> <span class='ocrx_word' id='word_1_101' title='bbox 234 1329 556 1379; x_wconf 77' lang='lat' dir='ltr'>ostentabatur.</span> <span class='ocrx_word' id='word_1_102' title='bbox 627 1333 686 1379; x_wconf 86' lang='lat' dir='ltr'>Et</span> <span class='ocrx_word' id='word_1_103' title='bbox 714 1333 760 1378; x_wconf 87' lang='lat' dir='ltr'>in</span> <span class='ocrx_word' id='word_1_104' title='bbox 783 1332 1026 1379; x_wconf 80' lang='lat' dir='ltr'>cumulum</span> <span class='ocrx_word' id='word_1_105' title='bbox 1054 1346 1292 1381; x_wconf 85' lang='lat' dir='ltr'>tantorum</span> <span class='ocrx_word' id='word_1_106' title='bbox 1322 1332 1556 1380; x_wconf 84' lang='lat' dir='ltr'>malorum</span> <span class='ocrx_word' id='word_1_107' title='bbox 1575 1332 1729 1382; x_wconf 85' lang='lat' dir='ltr'>rabida</span> <span class='ocrx_word' id='word_1_108' title='bbox 1755 1349 1798 1382; x_wconf 87' lang='lat' dir='ltr'>et</span> <span class='ocrx_word' id='word_1_109' title='bbox 1823 1334 1915 1384; x_wconf 77' lang='lat' dir='ltr'>sae·-</span> 
     </span>
    </p>
   </div>
   <div class='ocr_carea' id='block_1_7' title="bbox 73 1427 1916 1789">
    <p class='ocr_par' dir='ltr' id='par_1_7' title="bbox 73 1427 1916 1789">
     <span class='ocr_line' id='line_1_19' title="bbox 74 1427 1913 1493; baseline 0.003 -18"><span class='ocrx_word' id='word_1_110' title='bbox 74 1442 132 1476; x_wconf 87' lang='lat' dir='ltr'>va</span> <span class='ocrx_word' id='word_1_111' title='bbox 153 1427 221 1476; x_wconf 89' lang='lat' dir='ltr'>illa</span> <span class='ocrx_word' id='word_1_112' title='bbox 250 1427 370 1485; x_wconf 85' lang='lat' dir='ltr'>lues,</span> <span class='ocrx_word' id='word_1_113' title='bbox 407 1444 524 1491; x_wconf 85' lang='lat' dir='ltr'>quae</span> <span class='ocrx_word' id='word_1_114' title='bbox 554 1428 819 1493; x_wconf 77' lang='lat' dir='ltr'>prouincias</span> <span class='ocrx_word' id='word_1_115' title='bbox 855 1427 1081 1491; x_wconf 84' lang='lat' dir='ltr'>quasdam</span> <span class='ocrx_word' id='word_1_116' title='bbox 1112 1427 1355 1486; x_wconf 81' lang='lat' dir='ltr'>inuaserat,</span> <span class='ocrx_word' id='word_1_117' title='bbox 1390 1428 1481 1477; x_wconf 85' lang='lat' dir='ltr'>irae</span> <span class='ocrx_word' id='word_1_118' title='bbox 1509 1428 1694 1479; x_wconf 88' lang='lat' dir='ltr'>diuinae</span> <span class='ocrx_word' id='word_1_119' title='bbox 1725 1431 1913 1482; x_wconf 84' lang='lat' dir='ltr'>certiffi-</span> 
     </span>
     <span class='ocr_line' id='line_1_20' title="bbox 73 1524 1911 1602; baseline 0.002 -26"><span class='ocrx_word' id='word_1_120' title='bbox 73 1541 150 1576; x_wconf 81' lang='lat' dir='ltr'>ma</span> <span class='ocrx_word' id='word_1_121' title='bbox 182 1524 303 1574; x_wconf 86' lang='lat' dir='ltr'>testis</span> <span class='ocrx_word' id='word_1_122' title='bbox 314 1558 328 1584; x_wconf 82' lang='grc'>,</span> <span class='ocrx_word' id='word_1_123' title='bbox 363 1539 408 1574; x_wconf 90' lang='lat' dir='ltr'>et</span> <span class='ocrx_word' id='word_1_124' title='bbox 428 1525 594 1574; x_wconf 83' lang='lat' dir='ltr'>excidii</span> <span class='ocrx_word' id='word_1_125' title='bbox 623 1525 864 1575; x_wconf 74' lang='lat' dir='ltr'>cuiusdam</span> <span class='ocrx_word' id='word_1_126' title='bbox 887 1524 1027 1575; x_wconf 78' lang='lat' dir='ltr'>fatalis</span> <span class='ocrx_word' id='word_1_127' title='bbox 1053 1528 1338 1591; x_wconf 78' lang='lat' dir='ltr'>praenuntia,</span> <span class='ocrx_word' id='word_1_128' title='bbox 1374 1527 1637 1602; x_wconf 68' lang='lat' dir='ltr'>iactabatpr.</span> <span class='ocrx_word' id='word_1_129' title='bbox 1707 1529 1911 1580; x_wconf 83' lang='lat' dir='ltr'>Acceffe-</span> 
     </span>
     <span class='ocr_line' id='line_1_21' title="bbox 74 1624 1916 1692; baseline 0.002 -17"><span class='ocrx_word' id='word_1_130' title='bbox 74 1638 144 1675; x_wconf 80' lang='lat' dir='ltr'>rat</span> <span class='ocrx_word' id='word_1_131' title='bbox 175 1637 330 1673; x_wconf 84' lang='lat' dir='ltr'>tenera</span> <span class='ocrx_word' id='word_1_132' title='bbox 358 1626 470 1673; x_wconf 75' lang='lat' dir='ltr'>noui</span> <span class='ocrx_word' id='word_1_133' title='bbox 499 1624 729 1689; x_wconf 83' lang='lat' dir='ltr'>Principis</span> <span class='ocrx_word' id='word_1_134' title='bbox 761 1638 904 1683; x_wconf 79' lang='lat' dir='ltr'>aetas,</span> <span class='ocrx_word' id='word_1_135' title='bbox 939 1624 1220 1689; x_wconf 77' lang='lat' dir='ltr'>capessendis</span> <span class='ocrx_word' id='word_1_136' title='bbox 1255 1626 1438 1691; x_wconf 82' lang='lat' dir='ltr'>imperii</span> <span class='ocrx_word' id='word_1_137' title='bbox 1465 1625 1656 1675; x_wconf 79' lang='lat' dir='ltr'>habenis</span> <span class='ocrx_word' id='word_1_138' title='bbox 1686 1627 1839 1692; x_wconf 85' lang='lat' dir='ltr'>impar</span> <span class='ocrx_word' id='word_1_139' title='bbox 1869 1643 1916 1679; x_wconf 87' lang='lat' dir='ltr'>et</span> 
     </span>
     <span class='ocr_line' id='line_1_22' title="bbox 78 1722 1915 1789; baseline 0.003 -18"><span class='ocrx_word' id='word_1_140' title='bbox 78 1722 217 1772; x_wconf 84' lang='lat' dir='ltr'>rebus</span> <span class='ocrx_word' id='word_1_141' title='bbox 238 1723 463 1772; x_wconf 87' lang='lat' dir='ltr'>nouandis</span> <span class='ocrx_word' id='word_1_142' title='bbox 485 1722 729 1787; x_wconf 75' lang='lat' dir='ltr'>apsiffima‚</span> <span class='ocrx_word' id='word_1_143' title='bbox 761 1740 902 1787; x_wconf 79' lang='lat' dir='ltr'>quae,</span> <span class='ocrx_word' id='word_1_144' title='bbox 935 1723 967 1772; x_wconf 87' lang='lat' dir='ltr'><strong>fi</strong></span> <span class='ocrx_word' id='word_1_145' title='bbox 989 1722 1102 1773; x_wconf 85' lang='lat' dir='ltr'>foris</span> <span class='ocrx_word' id='word_1_146' title='bbox 1132 1725 1292 1773; x_wconf 84' lang='lat' dir='ltr'>omnia</span> <span class='ocrx_word' id='word_1_147' title='bbox 1323 1741 1465 1789; x_wconf 86' lang='lat' dir='ltr'>quarn</span> <span class='ocrx_word' id='word_1_148' title='bbox 1499 1727 1701 1774; x_wconf 76' lang='lat' dir='ltr'>maxime</span> <span class='ocrx_word' id='word_1_149' title='bbox 1732 1726 1915 1778; x_wconf 73' lang='lat' dir='ltr'>fuissent</span> 
     </span>
    </p>
   </div>
   <div class='ocr_carea' id='block_1_8' title="bbox 79 1819 1916 1884">
    <p class='ocr_par' dir='ltr' id='par_1_8' title="bbox 79 1819 1916 1884">
     <span class='ocr_line' id='line_1_23' title="bbox 79 1819 1916 1884; baseline 0.006 -19"><span class='ocrx_word' id='word_1_150' title='bbox 79 1831 259 1883; x_wconf 83' lang='lat' dir='ltr'>pacata,</span> <span class='ocrx_word' id='word_1_151' title='bbox 293 1819 630 1884; x_wconf 84' lang='lat' dir='ltr'>restinguendis</span> <span class='ocrx_word' id='word_1_152' title='bbox 652 1835 805 1868; x_wconf 89' lang='lat' dir='ltr'>tamen</span> <span class='ocrx_word' id='word_1_153' title='bbox 835 1822 1044 1870; x_wconf 79' lang='lat' dir='ltr'>ciuilium</span> <span class='ocrx_word' id='word_1_154' title='bbox 1066 1823 1296 1871; x_wconf 85' lang='lat' dir='ltr'>bellorum</span> <span class='ocrx_word' id='word_1_155' title='bbox 1325 1824 1525 1873; x_wconf 83' lang='lat' dir='ltr'>flammis</span> <span class='ocrx_word' id='word_1_156' title='bbox 1549 1824 1663 1874; x_wconf 83' lang='lat' dir='ltr'>adeo</span> <span class='ocrx_word' id='word_1_157' title='bbox 1698 1826 1916 1877; x_wconf 85' lang='lat' dir='ltr'>credeba-</span> 
     </span>
    </p>
   </div>
   <div class='ocr_carea' id='block_1_9' title="bbox 22 1913 1915 1983">
    <p class='ocr_par' dir='ltr' id='par_1_9' title="bbox 22 1913 1915 1983">
     <span class='ocr_line' id='line_1_24' title="bbox 22 1913 1915 1983; baseline 0.006 -20"><span class='ocrx_word' id='word_1_158' title='bbox 22 1961 28 1968; x_wconf 88' lang='grc'><strong>,</strong></span> <span class='ocrx_word' id='word_1_159' title='bbox 82 1928 158 1964; x_wconf 86' lang='lat' dir='ltr'>tur</span> <span class='ocrx_word' id='word_1_160' title='bbox 185 1914 405 1973; x_wconf 78' lang='lat' dir='ltr'>inualida,</span> <span class='ocrx_word' id='word_1_161' title='bbox 440 1929 492 1963; x_wconf 88' lang='lat' dir='ltr'>vt</span> <span class='ocrx_word' id='word_1_162' title='bbox 515 1916 561 1962; x_wconf 88' lang='lat' dir='ltr'>in</span> <span class='ocrx_word' id='word_1_163' title='bbox 587 1913 659 1963; x_wconf 82' lang='lat' dir='ltr'>sua</span> <span class='ocrx_word' id='word_1_164' title='bbox 683 1918 773 1964; x_wconf 87' lang='lat' dir='ltr'>iam</span> <span class='ocrx_word' id='word_1_165' title='bbox 801 1915 969 1966; x_wconf 82' lang='lat' dir='ltr'>viscera</span> <span class='ocrx_word' id='word_1_166' title='bbox 996 1918 1204 1983; x_wconf 73' lang='lat' dir='ltr'>grassari,</span> <span class='ocrx_word' id='word_1_167' title='bbox 1240 1934 1285 1968; x_wconf 89' lang='lat' dir='ltr'>et</span> <span class='ocrx_word' id='word_1_168' title='bbox 1316 1922 1363 1968; x_wconf 91' lang='lat' dir='ltr'>in</span> <span class='ocrx_word' id='word_1_169' title='bbox 1395 1922 1595 1980; x_wconf 82' lang='lat' dir='ltr'>ciuium,</span> <span class='ocrx_word' id='word_1_170' title='bbox 1631 1924 1678 1971; x_wconf 88' lang='lat' dir='ltr'>in</span> <span class='ocrx_word' id='word_1_171' title='bbox 1710 1923 1915 1975; x_wconf 87' lang='lat' dir='ltr'>filiorum</span> 
     </span>
    </p>
   </div>
   <div class='ocr_carea' id='block_1_10' title="bbox 79 2011 1915 2377">
    <p class='ocr_par' dir='ltr' id='par_1_10' title="bbox 79 2011 1915 2377">
     <span class='ocr_line' id='line_1_25' title="bbox 80 2011 1915 2080; baseline 0.003 -18"><span class='ocrx_word' id='word_1_172' title='bbox 80 2011 270 2062; x_wconf 82' lang='lat' dir='ltr'>suorum</span> <span class='ocrx_word' id='word_1_173' title='bbox 303 2011 521 2078; x_wconf 72' lang='lat' dir='ltr'>sanguine</span> <span class='ocrx_word' id='word_1_174' title='bbox 558 2014 649 2062; x_wconf 87' lang='lat' dir='ltr'>iam</span> <span class='ocrx_word' id='word_1_175' title='bbox 677 2015 884 2063; x_wconf 85' lang='lat' dir='ltr'>volutare</span> <span class='ocrx_word' id='word_1_176' title='bbox 916 2012 959 2061; x_wconf 92' lang='lat' dir='ltr'>se</span> <span class='ocrx_word' id='word_1_177' title='bbox 984 2014 1107 2077; x_wconf 78' lang='lat' dir='ltr'>quafi</span> <span class='ocrx_word' id='word_1_178' title='bbox 1130 2014 1472 2080; x_wconf 83' lang='lat' dir='ltr'>conspiceretur</span> <span class='ocrx_word' id='word_1_179' title='bbox 1493 2017 1653 2067; x_wconf 86' lang='lat' dir='ltr'>Gallia.</span> <span class='ocrx_word' id='word_1_180' title='bbox 1721 2021 1915 2070; x_wconf 78' lang='lat' dir='ltr'>Cohor-</span> 
     </span>
     <span class='ocr_line' id='line_1_26' title="bbox 81 2109 1915 2180; baseline 0.005 -20"><span class='ocrx_word' id='word_1_181' title='bbox 81 2110 276 2170; x_wconf 79' lang='lat' dir='ltr'>rescitis‚</span> <span class='ocrx_word' id='word_1_182' title='bbox 311 2109 596 2170; x_wconf 81' lang='lat' dir='ltr'>Auditores,</span> <span class='ocrx_word' id='word_1_183' title='bbox 631 2110 686 2159; x_wconf 84' lang='lat' dir='ltr'>ad</span> <span class='ocrx_word' id='word_1_184' title='bbox 720 2125 812 2159; x_wconf 79' lang='lat' dir='ltr'>tam</span> <span class='ocrx_word' id='word_1_185' title='bbox 845 2113 1477 2162; x_wconf 81' lang='lat' dir='ltr'>terribilemimminentium</span> <span class='ocrx_word' id='word_1_186' title='bbox 1500 2115 1637 2165; x_wconf 88' lang='lat' dir='ltr'>nobis</span> <span class='ocrx_word' id='word_1_187' title='bbox 1671 2119 1915 2180; x_wconf 86' lang='lat' dir='ltr'>quondam</span> 
     </span>
     <span class='ocr_line' id='line_1_27' title="bbox 79 2193 1915 2282; baseline 0.005 -23"><span class='ocrx_word' id='word_1_188' title='bbox 79 2225 237 2259; x_wconf 84' lang='lat' dir='ltr'>rerum</span> <span class='ocrx_word' id='word_1_189' title='bbox 259 2209 535 2273; x_wconf 78' lang='lat' dir='ltr'>imaginem3</span> <span class='ocrx_word' id='word_1_190' title='bbox 571 2206 627 2257; x_wconf 84' lang='lat' dir='ltr'>ad</span> <span class='ocrx_word' id='word_1_191' title='bbox 651 2193 742 2256; x_wconf 79' lang='lat' dir='ltr'>tarn</span> <span class='ocrx_word' id='word_1_192' title='bbox 775 2207 947 2258; x_wconf 83' lang='lat' dir='ltr'>funesta</span> <span class='ocrx_word' id='word_1_193' title='bbox 969 2209 1173 2259; x_wconf 74' lang='lat' dir='ltr'>Gallicae</span> <span class='ocrx_word' id='word_1_194' title='bbox 1216 2212 1448 2275; x_wconf 84' lang='lat' dir='ltr'>potentiae</span> <span class='ocrx_word' id='word_1_195' title='bbox 1472 2213 1764 2265; x_wconf 84' lang='lat' dir='ltr'>aemulorum</span> <span class='ocrx_word' id='word_1_196' title='bbox 1788 2234 1915 2282; x_wconf 76' lang='lat' dir='ltr'>prae-</span> 
     </span>
     <span class='ocr_line' id='line_1_28' title="bbox 79 2306 1914 2377; baseline 0.005 -20"><span class='ocrx_word' id='word_1_197' title='bbox 79 2306 216 2373; x_wconf 64' lang='lat' dir='ltr'>fagia.&gt;</span> <span class='ocrx_word' id='word_1_198' title='bbox 283 2307 373 2356; x_wconf 88' lang='lat' dir='ltr'>Sed</span> <span class='ocrx_word' id='word_1_199' title='bbox 394 2322 607 2357; x_wconf 86' lang='lat' dir='ltr'>reuocate</span> <span class='ocrx_word' id='word_1_200' title='bbox 630 2308 720 2355; x_wconf 84' lang='lat' dir='ltr'>iam</span> <span class='ocrx_word' id='word_1_201' title='bbox 752 2308 957 2366; x_wconf 75' lang='lat' dir='ltr'>animos,</span> <span class='ocrx_word' id='word_1_202' title='bbox 999 2322 1042 2357; x_wconf 84' lang='lat' dir='ltr'>et</span> <span class='ocrx_word' id='word_1_203' title='bbox 1070 2308 1275 2358; x_wconf 83' lang='lat' dir='ltr'>vestrum</span> <span class='ocrx_word' id='word_1_204' title='bbox 1301 2310 1546 2370; x_wconf 78' lang='lat' dir='ltr'>timorem,</span> <span class='ocrx_word' id='word_1_205' title='bbox 1581 2312 1614 2361; x_wconf 89' lang='lat' dir='ltr'>fi</span> <span class='ocrx_word' id='word_1_206' title='bbox 1637 2314 1741 2377; x_wconf 86' lang='lat' dir='ltr'>quis</span> <span class='ocrx_word' id='word_1_207' title='bbox 1761 2315 1914 2367; x_wconf 85' lang='lat' dir='ltr'>adhuc</span> 
     </span>
    </p>
   </div>
   <div class='ocr_carea' id='block_1_11' title="bbox 84 2403 1914 2473">
    <p class='ocr_par' dir='ltr' id='par_1_11' title="bbox 84 2403 1914 2473">
     <span class='ocr_line' id='line_1_29' title="bbox 84 2403 1914 2473; baseline 0.005 -19"><span class='ocrx_word' id='word_1_208' title='bbox 84 2404 253 2473; x_wconf 41' lang='lat' dir='ltr'>restat„</span> <span class='ocrx_word' id='word_1_209' title='bbox 274 2403 505 2470; x_wconf 83' lang='lat' dir='ltr'>deponite.</span> <span class='ocrx_word' id='word_1_210' title='bbox 572 2405 813 2470; x_wconf 56' lang='lat' dir='ltr'>Diffipauit</span> <span class='ocrx_word' id='word_1_211' title='bbox 838 2421 930 2455; x_wconf 82' lang='lat' dir='ltr'>tam</span> <span class='ocrx_word' id='word_1_212' title='bbox 964 2405 1134 2465; x_wconf 82' lang='lat' dir='ltr'>saeuas,</span> <span class='ocrx_word' id='word_1_213' title='bbox 1170 2423 1287 2472; x_wconf 74' lang='lat' dir='ltr'>quac</span> <span class='ocrx_word' id='word_1_214' title='bbox 1316 2410 1561 2459; x_wconf 86' lang='lat' dir='ltr'>imminere</span> <span class='ocrx_word' id='word_1_215' title='bbox 1583 2411 1719 2461; x_wconf 86' lang='lat' dir='ltr'>nobis</span> <span class='ocrx_word' id='word_1_216' title='bbox 1754 2414 1914 2464; x_wconf 82' lang='lat' dir='ltr'>crede-</span> 
     </span>
    </p>
   </div>
   <div class='ocr_carea' id='block_1_12' title="bbox 59 2503 1912 2576">
    <p class='ocr_par' dir='ltr' id='par_1_12' title="bbox 59 2503 1912 2576">
     <span class='ocr_line' id='line_1_30' title="bbox 59 2503 1912 2576; baseline 0.006 -24"><span class='ocrx_word' id='word_1_217' title='bbox 59 2503 277 2568; x_wconf 33' lang='lat' dir='ltr'>-bantnr,</span> <span class='ocrx_word' id='word_1_218' title='bbox 311 2503 597 2567; x_wconf 85' lang='lat' dir='ltr'>tempestates</span> <span class='ocrx_word' id='word_1_219' title='bbox 626 2503 917 2569; x_wconf 72' lang='lat' dir='ltr'>prouidentia</span> <span class='ocrx_word' id='word_1_220' title='bbox 939 2503 1120 2563; x_wconf 80' lang='lat' dir='ltr'>diuina,</span> <span class='ocrx_word' id='word_1_221' title='bbox 1156 2520 1202 2556; x_wconf 78' lang='lat' dir='ltr'>et</span> <span class='ocrx_word' id='word_1_222' title='bbox 1224 2506 1254 2556; x_wconf 85' lang='lat' dir='ltr'>fi</span> <span class='ocrx_word' id='word_1_223' title='bbox 1277 2523 1504 2571; x_wconf 82' lang='lat' dir='ltr'>vnqaam,</span> <span class='ocrx_word' id='word_1_224' title='bbox 1540 2525 1666 2571; x_wconf 85' lang='lat' dir='ltr'>nunc</span> <span class='ocrx_word' id='word_1_225' title='bbox 1696 2513 1912 2576; x_wconf 85' lang='lat' dir='ltr'>profecto</span> 
     </span>
    </p>
   </div>
   <div class='ocr_carea' id='block_1_13' title="bbox 81 2600 1911 2667">
    <p class='ocr_par' dir='ltr' id='par_1_13' title="bbox 81 2600 1911 2667">
     <span class='ocr_line' id='line_1_31' title="bbox 81 2600 1911 2667; baseline 0.007 -18"><span class='ocrx_word' id='word_1_226' title='bbox 81 2600 374 2650; x_wconf 71' lang='lat' dir='ltr'>euidentibus</span> <span class='ocrx_word' id='word_1_227' title='bbox 404 2603 768 2667; x_wconf 71' lang='lat' dir='ltr'>comprobatum</span> <span class='ocrx_word' id='word_1_228' title='bbox 795 2603 859 2651; x_wconf 82' lang='lat' dir='ltr'>est</span> <span class='ocrx_word' id='word_1_229' title='bbox 886 2601 1206 2666; x_wconf 79' lang='lat' dir='ltr'>documen-tis,</span> <span class='ocrx_word' id='word_1_230' title='bbox 1243 2605 1376 2655; x_wconf 86' lang='lat' dir='ltr'>coelo</span> <span class='ocrx_word' id='word_1_231' title='bbox 1399 2621 1535 2655; x_wconf 84' lang='lat' dir='ltr'>curae</span> <span class='ocrx_word' id='word_1_232' title='bbox 1563 2606 1692 2658; x_wconf 80' lang='lat' dir='ltr'>fuiss&#39;e</span> <span class='ocrx_word' id='word_1_233' title='bbox 1723 2608 1911 2662; x_wconf 85' lang='lat' dir='ltr'>salutem</span> 
     </span>
    </p>
   </div>
   <div class='ocr_carea' id='block_1_14' title="bbox 994 2703 1911 2770">
    <p class='ocr_par' dir='ltr' id='par_1_14' title="bbox 994 2703 1911 2770">
     <span class='ocr_line' id='line_1_32' title="bbox 994 2703 1911 2770; baseline 0.002 -16"><span class='ocrx_word' id='word_1_234' title='bbox 994 2703 1036 2754; x_wconf 90' lang='lat' dir='ltr'>E</span> <span class='ocrx_word' id='word_1_235' title='bbox 1067 2723 1097 2770; x_wconf 78' lang='lat'><strong>3</strong></span> <span class='ocrx_word' id='word_1_236' title='bbox 1694 2707 1911 2768; x_wconf 75' lang='lat' dir='ltr'>nostram,</span> 
     </span>
    </p>
   </div>
   <div class='ocr_carea' id='block_1_15' title="bbox 0 3469 2585 3485">
    <p class='ocr_par' dir='ltr' id='par_1_15' title="bbox 0 3469 2585 3485">
     <span class='ocr_line' id='line_1_33' title="bbox 0 3469 2585 3485; baseline 0 0"><span class='ocrx_word' id='word_1_237' title='bbox 0 3469 2585 3485; x_wconf 95' lang='lat' dir='ltr'> </span> 
     </span>
    </p>
   </div>
  </div>
 </body>
</html>
