2503 3444
185 510 276 562 AD
310 507 734 558 ORATIONEM
770 507 1009 558 CAROL.
1046 508 1445 558 CHRISTOPH.
1479 509 1770 561 ECCARDI

299 578 307 580 i
353 589 559 634 NOVUM
590 590 887 633 INVENTAE
916 589 1394 632 TYPOGRAPHICAE
1422 591 1588 634 ARTIS

470 673 685 709 saeuum
719 674 953 708 LITERATO
989 674 1095 707 oRssl
1133 674 1476 710 GRATULATURl.

808 756 856 784 A.
895 755 1144 784 MDCCXL.

0 854 23 866 '¹
189 856 338 891 ovum
371 842 573 891 inventae
612 841 974 907 Typographiae
1008 841 1231 890 Seculum
1263 841 1360 891 hoc
1393 857 1515 891 anno
1546 841 1708 890 condit
1743 842 1891 894 Orbis

65 846 188 999 N
221 941 478 1001 Literatus3
512 939 747 998 beneficii,
782 953 878 1003 quo
913 941 1061 988 maius
1099 937 1180 1003 ipsi
1220 938 1511 1004 providentia
1545 939 1702 989 divina
1732 940 1888 1006 largiri

65 1054 160 1088 non
189 1035 428 1103 potuisset,
462 1050 768 1086 renovaturus
789 1038 1081 1086 memoriam.
1147 1037 1372 1086 Trecenti
1395 1037 1619 1085 nimirum
1640 1039 1749 1087 anni
1769 1037 1886 1098 sunt,

65 1130 239 1199 e'xquo
261 1135 432 1184 divinae
461 1135 587 1184 Artis
610 1136 816 1202 origines
844 1135 1035 1185 Rhenus
1068 1134 1223 1183 noster
1251 1137 1467 1184 omniurn
1491 1136 1673 1199 primus
1703 1135 1820 1184 vidit
1842 1148 1889 1185 et

66 1233 244 1299 stupuit.
332 1233 404 1282 De
439 1233 672 1282 literarum
703 1234 997 1283 inventarum
1033 1232 1182 1298 gloria
1223 1249 1451 1298 magnum
1481 1232 1596 1281 olim
1628 1232 1887 1298 AEgyptios

65 1331 193 1389 inter,
210 1329 456 1378 Phoenices
477 1342 521 1377 et
542 1331 742 1379 Graecos
767 1331 991 1396 agitatum
1015 1344 1273 1390 certamem
1308 1331 1454 1380 maius
1478 1329 1711 1394 superiore
1734 1328 1886 1380 seculo

18 1436 19 1442 ’
66 1428 124 1479 de
152 1428 395 1477 mobilium
425 1427 670 1475 inventore
699 1428 946 1476 literarum.
1014 1429 1138 1476 Vera
1162 1428 1289 1475 enim
1314 1427 1674 1492 Typographiae
1707 1426 1887 1477 indoles

65 1528 247 1590 eiusque
270 1525 436 1574 utilitas
457 1540 604 1589 quum
627 1525 674 1573 in
705 1524 1022 1575 characterum
1050 1523 1340 1590 singulorum
1377 1524 1630 1574 mobilitate
1663 1523 1886 1584 consistat,

67 1641 148 1674 nec
172 1621 469 1672 Chinenfium
493 1623 724 1687 profecto,
760 1639 846 1671 nec
867 1621 1241 1671 Harlemenfium
1266 1639 1508 1672 moramur
1531 1636 1739 1680 conatus,
1760 1638 1883 1686 quo-

66 1738 167 1772 rum
190 1721 250 1770 illi
270 1721 434 1779 aeneis,
468 1719 515 1767 hi
536 1720 701 1785 ligneis
733 1719 919 1777 tabulis,
952 1733 1088 1783 atque
1119 1718 1237 1768 adeo
1262 1718 1637 1786 Chalcographia
1669 1717 1713 1768 et
1734 1720 1884 1784 Xylo-

65 1819 249 1888 graphia
292 1817 366 1867 sua
409 1818 628 1884 genuinoe
676 1816 1039 1884 Typographiae
1084 1816 1268 1866 nonnifi
1321 1817 1578 1881 praeludere
1631 1818 1713 1866 vifi
1768 1815 1885 1867 sunt.

54 1903 314 1967 ⁷AEnearum
354 1914 477 1981 apud
520 1916 719 1966 Graecos
765 1929 810 1964 et
864 1916 1106 1964 Romanos
1152 1915 1244 1964 iam
1289 1913 1686 1980 deprehendimus
1735 1915 1881 1965 usum.

65 2010 239 2062 Minois
262 2012 387 2078 leges
417 2011 599 2062 metallo
623 2010 850 2078 insculpsit
873 2012 1071 2064 Graecia.
1143 2009 1731 2061 Militarium'coloniarum
1760 2013 1883 2062 limi-

64 2095 131 2159 tes
171 2111 322 2159 aeneis.
347 2109 473 2159 libris
512 2109 809 2176 perscripsere
841 2112 1078 2171 Romani,
1119 2126 1325 2175 quorum
1362 2110 1445 2160 tria
1486 2111 1624 2161 millia
1662 2110 1882 2162 incendio

66 2205 328 2272 Capitolino
355 2208 597 2258 combusta
625 2211 875 2259 Suetonius
903 2224 1066 2259 narrat.
1130 2210 1307 2276 Legem
1331 2207 1590 2274 Vespasiani
1616 2209 1806 2276 regiam,
1829 2221 1882 2258 ut

66 2318 255 2362 vocant,
289 2321 395 2368 quae
416 2307 461 2354 in
491 2306 729 2371 Capitolio
749 2309 967 2356 Romano
995 2307 1229 2371 hodieque
1252 2306 1478 2368 se1·vatur;
1513 2307 1696 2358 Claudii
1725 2308 1882 2371 Impe-

66 2403 224 2451 ratoris
247 2402 549 2462 Orationem,
585 2420 725 2467 quam
748 2403 1080 2469 Lugdunenses
1103 2405 1354 2465 ostentant3
1388 2407 1579 2454 Senatus
1600 2403 1881 2454 Consultum

66 2496 122 2547 de
145 2498 520 2559 Bacchanalibus,
556 2501 685 2564 quod
709 2501 995 2551 Bibliotheca
1019 2501 1223 2551 Caesarea
1247 2501 1469 2562 custodit3
1498 2501 1701 2550 Tabulas
1722 2500 1881 2566 Eugu·

65 2593 210 2655 binas;
243 2592 474 2647 miffiones
499 2599 697 2648 militum
722 2613 767 2649 et
799 2599 900 2648 alias
924 2599 1060 2648 huius
1083 2602 1267 2666 generis
1289 2614 1437 2650 aeneas
1467 2598 1740 2650 venerandae
1765 2599 1879 2647 anti-

133 2674 251 2729 Pars
271 2678 332 2727 II.
950 2677 989 2728 Β
1004 2679 1035 2729 b
1777 2679 1880 2742 qui-

6 2625 13 2963 ἱ

6 3098 11 3199 l

0 3321 1478 3444 Ιξ--ᾕῄῇῳμ
1534 3441 1650 3444 rm
