2549 3434
669 334 780 415 ’⁶⁵³0
832 330 1105 410 -)(0)(
1181 324 1294 404 a&
1787 323 1900 393 217

58 473 341 544 praesidium.
439 444 714 518 Sustentauit
746 458 848 509 haec
888 455 1197 524 imperterrita
1241 450 1403 502 Gallos
1440 447 1647 508 nostros3
1682 459 1740 495 ex
1777 456 1900 494 tanta

60 573 329 625 aduersitate
362 568 564 618 Fatorum
598 577 770 612 nouam
804 558 885 607 fibi
919 556 1063 606 laudis
1095 568 1140 603 et
1171 552 1343 618 gloriae
1372 562 1611 613 paiaturos
1650 544 1902 594 materiam.

63 673 229 723 Creuit
259 672 377 717 inter
403 665 518 730 ipsas
539 662 812 711 calamitates
835 653 1044 706 audacia.
1079 649 1368 706 Piseckium,
1397 646 1522 695 unde
1546 661 1703 693 rerum
1728 642 1906 692 nostra-

62 788 170 823 rum
198 768 372 817 summa
396 762 648 829 pendebat,
683 758 877 808 firmiter
913 749 1165 802 defensum.
1236 748 1375 797 Num
1407 745 1513 807 quis
1543 741 1773 798 vestium,
1811 741 1907 790 Au.

64 870 265 924 ditores,
301 859 596 913 crediderat?
633 857 735 907 fore
755 869 807 905 ut
829 850 1103 911 victoriosus
1129 848 1201 897 ille
1221 845 1340 912 apud
1363 845 1579 892 Linciurn
1612 838 1753 887 hostis
1772 870 1785 890 ‚
1820 852 1909 902 nu-

31 948 200 1019 ⁸mero
222 979 267 1014 et
291 960 559 1011 succeffibus
594 955 878 1023 praeualens,
915 951 970 1001 ab
995 948 1177 1015 oppido
1214 943 1518 994 munimentis
1553 939 1798 1004 destituto,
1836 947 1925 984 tot·

66 1067 196 1117 malis
217 1060 446 1128 quassam,
481 1056 734 1108 abstineret.
805 1050 1070 1114 Abstinuit3
1109 1046 1200 1095 siue
1223 1044 1352 1108 quod
1375 1040 1514 1101 semel
1536 1040 1626 1087 iam
1650 1032 1879 1101 repressus
1897 1066 1911 1091 ,

67 1165 162 1215 fiue
195 1162 289 1211 fato
312 1156 532 1223 repulsus.
600 1154 725 1220 Quis
748 1151 957 1201 martiam
986 1147 1348 1211 intrepiditatem
1372 1156 1469 1189 non
1489 1137 1545 1186 ad
1575 1136 1748 1185 coelum
1778 1145 1912 1181 extu-

69 1263 214 1314 let-at?
249 1276 360 1308 cum
394 1258 568 1323 Egram
601 1253 657 1302 ab
699 1253 867 1317 exigua
898 1247 1146 1297 Gallorum
1180 1256 1322 1290 manu
1360 1253 1475 1287 mox
1513 1246 1837 1300 oppugnatam
1867 1242 1914 1280 et
1962 1270 1965 1275 Δ

69 1376 286 1426 captam3
323 1371 438 1404 mox
464 1354 644 1401 victum
676 1348 732 1398 ad
761 1347 987 1412 Sahayam
1021 1342 1203 1391 hostem
1242 1335 1484 1387 audiuiffet
1516 1333 1763 1383 attonitus:
1816 1329 1912 1378 ani-

71 1463 161 1511 mis
182 1457 384 1507 heroicae
414 1451 568 1518 gentis
600 1447 655 1497 ad
692 1447 919 1495 maiorem
947 1457 1106 1491 rerum
1139 1438 1315 1487 felicius
1347 1431 1662 1501 gerendartm
1697 1427 1916 1476 fiduciam

74 1559 253 1624 sempei
279 1553 463 1612 erecti83
500 1562 740 1612 nunquam
766 1541 981 1609 profecto
1017 1539 1172 1587 minus
1196 1531 1437 1600 depreffis,
1472 1545 1615 1595 quam
1651 1542 1764 1576 cum
1800 1523 1914 1573 inse·

12 1666 16 1668 ’
77 1673 181 1707 cura
213 1652 421 1704 Austrios
452 1649 572 1697 inter
609 1659 655 1694 et
688 1640 908 1692 Boruffos
933 1636 1222 1688 Vratislauiae
1255 1649 1345 1700 pax
1371 1645 1518 1680 totam
1557 1643 1615 1677 ex
1654 1622 1913 1690 improuiso

77 1755 184 1806 belli
212 1749 418 1800 molem
408 1764 456 1796 in
480 1761 561 1794 eos
582 1743 701 1792 solos
722 1739 956 1798 vertisset;
994 1753 1105 1785 cum
1127 1734 1285 1784 Omnis
1306 1730 1512 1781 hostium
1535 1729 1737 1791 impetus
1761 1718 1916 1771 irruis-

78 1853 140 1903 set
175 1854 221 1899 in
253 1848 470 1912 pragam
541 1843 680 1891 Hanc
716 1839 924 1902 denique
948 1836 1172 1891 Troiam,
1209 1833 1311 1880 hoec
1348 1829 1576 1894 Pergama
1607 1823 1730 1874 auidi
1761 1822 1917 1871 Euro-

79 1964 297 2019 paeorum
320 1944 443 1994 oculi
465 1954 535 1990 tot
561 1936 734 1988 menses
760 1934 1062 1999 respexerant.
1126 1929 1362 1985 Facilitas,
1398 1942 1489 1990 qua
1514 1924 1624 1972 vrbs
1649 1921 1789 1986 paulo
1811 1932 1916 1968 ante

81 2061 332 2111 occupata,
363 2041 551 2097 docuit,
586 2052 727 2100 quam
766 2049 931 2097 parurn
966 2030 1169 2086 munita,
1203 2042 1346 2091 quam
1393 2019 1579 2090 defensu
1621 2017 1819 2067 difficilis
1847 2016 1915 2065 fit.

42 2218 46 2219 ⁷
83 2148 231 2199 Millia
269 2140 436 2207 viginti
462 2138 671 2201 quinque
699 2122 948 2182 Gallorum
986 2128 1159 2193 duplex
1191 2139 1391 2174 numero
1418 2119 1709 2174 Austriacus,
1746 2114 1930 2164 viitute'

85 2262 130 2298 et
150 2245 315 2294 fiducia
339 2239 530 2304 plenus,
562 2246 811 2300 oppugnat
840 2229 1085 2279 exercitus,
1155 2225 1267 2275 Dux
1297 2237 1399 2271 acer
1432 2233 1477 2268 et
1501 2217 1726 2277 ,strenuus
1753 2231 1810 2263 ex
1841 2230 1921 2263 au-

88 2344 218 2414 gusta
249 2334 615 2388 Lotharienllum
655 2333 855 2388 Domo,
891 2326 1113 2376 heroibus
1152 2322 1258 2372 foeta
1282 2354 1295 2379 ,
1337 2315 1676 2368 suffossionibus
1699 2347 1713 2372 ,
1750 2313 1924 2370 vineis,

88 2442 260 2493 vallatis
300 2435 536 2491 molibus,
584 2429 808 2480 cuniculis
843 2425 956 2475 nihil
997 2426 1274 2473 intentatum
1313 2416 1563 2480 relinquit,
1599 2428 1645 2462 et
1678 2426 1729 2460 ut
1768 2425 1924 2460 nouus

92 2539 368 2592 Samnitium
409 2522 603 2580 Pontius
644 2529 840 2594 pragam
878 2522 1121 2574 Gaudium
1159 2497 1408 2569 Gallorum
1443 2514 1542 2564 fore
1574 2510 1800 2569 confidit3
1839 2525 1926 2558 nec

95 2638 254 2689 frustra
287 2630 479 2681 confidit
503 2663 516 2688 ,
546 2627 627 2677 nisi
664 2643 756 2692 pro
793 2610 1065 2675 posthumio
1106 2620 1380 2668 francicum
1414 2610 1646 2680 reperisset
1674 2609 1928 2675 Papirium.

165 2713 287 2787 Pars
322 2732 359 2782 I-
1042 2717 1129 2797 βε
1810 2707 1935 2756 Ter·
