<?xml version="1.0" encoding="UTF-8"?>
<!DOCTYPE html PUBLIC "-//W3C//DTD XHTML 1.0 Transitional//EN"
    "http://www.w3.org/TR/xhtml1/DTD/xhtml1-transitional.dtd">
<html xmlns="http://www.w3.org/1999/xhtml" xml:lang="en" lang="en">
 <head>
  <title>
</title>
<meta http-equiv="Content-Type" content="text/html;charset=utf-8" />
  <meta name='ocr-system' content='tesseract 3.04.00' />
  <meta name='ocr-capabilities' content='ocr_page ocr_carea ocr_par ocr_line ocrx_word'/>
</head>
<body>
  <div class='ocr_page' id='page_1' title='image "./operaoratoriapan00schouoft_0141.png"; bbox 0 0 2585 3485; ppageno 0'>
   <div class='ocr_carea' id='block_1_1' title="bbox 0 337 2005 2378">
    <p class='ocr_par' dir='ltr' id='par_1_1' title="bbox 0 337 2005 2378">
     <span class='ocr_line' id='line_1_1' title="bbox 440 337 1923 435; baseline -0.005 -18"><span class='ocrx_word' id='word_1_1' title='bbox 440 431 456 435; x_wconf 10' lang='grc' dir='ltr'><strong>ν</strong></span> <span class='ocrx_word' id='word_1_2' title='bbox 697 337 807 416; x_wconf 60' lang='lat' dir='ltr'>‘Q</span> <span class='ocrx_word' id='word_1_3' title='bbox 887 340 952 415; x_wconf 79' lang='grc'>&gt;&lt;</span> <span class='ocrx_word' id='word_1_4' title='bbox 997 360 1031 398; x_wconf 86' lang='lat'><em>0</em></span> <span class='ocrx_word' id='word_1_5' title='bbox 1072 338 1136 413; x_wconf 81' lang='lat'>&gt;&lt;</span> <span class='ocrx_word' id='word_1_6' title='bbox 1211 338 1322 412; x_wconf 51' lang='lat' dir='ltr'>&lt;ie</span> <span class='ocrx_word' id='word_1_7' title='bbox 1852 355 1923 409; x_wconf 85' lang='lat'>19</span> 
     </span>
     <span class='ocr_line' id='line_1_2' title="bbox 90 459 1925 531; baseline -0.003 -16"><span class='ocrx_word' id='word_1_8' title='bbox 90 468 205 516; x_wconf 61' lang='lat' dir='ltr'>tisim</span> <span class='ocrx_word' id='word_1_9' title='bbox 235 464 390 531; x_wconf 79' lang='lat' dir='ltr'>ignes,</span> <span class='ocrx_word' id='word_1_10' title='bbox 425 475 494 522; x_wconf 84' lang='lat' dir='ltr'>et,</span> <span class='ocrx_word' id='word_1_11' title='bbox 530 463 562 512; x_wconf 84' lang='lat' dir='ltr'>fi</span> <span class='ocrx_word' id='word_1_12' title='bbox 596 479 707 512; x_wconf 87' lang='lat' dir='ltr'>cum</span> <span class='ocrx_word' id='word_1_13' title='bbox 733 463 841 512; x_wconf 87' lang='lat' dir='ltr'>Tua</span> <span class='ocrx_word' id='word_1_14' title='bbox 882 461 1002 511; x_wconf 53' lang='lat' dir='ltr'>fama</span> <span class='ocrx_word' id='word_1_15' title='bbox 1036 460 1150 526; x_wconf 69' lang='lat' dir='ltr'>ipffis</span> <span class='ocrx_word' id='word_1_16' title='bbox 1198 476 1383 510; x_wconf 66' lang='lat' dir='ltr'>naturae</span> <span class='ocrx_word' id='word_1_17' title='bbox 1416 462 1537 510; x_wconf 78' lang='lat' dir='ltr'>vires</span> <span class='ocrx_word' id='word_1_18' title='bbox 1571 475 1740 527; x_wconf 77' lang='lat' dir='ltr'>augere</span> <span class='ocrx_word' id='word_1_19' title='bbox 1774 459 1925 525; x_wconf 78' lang='lat' dir='ltr'>posse-</span> 
     </span>
     <span class='ocr_line' id='line_1_3' title="bbox 88 557 1925 623; baseline -0.004 -9"><span class='ocrx_word' id='word_1_20' title='bbox 88 580 226 623; x_wconf 84' lang='lat' dir='ltr'>mus,</span> <span class='ocrx_word' id='word_1_21' title='bbox 258 565 390 613; x_wconf 65' lang='lat' dir='ltr'>latius</span> <span class='ocrx_word' id='word_1_22' title='bbox 417 577 460 611; x_wconf 87' lang='lat' dir='ltr'>et</span> <span class='ocrx_word' id='word_1_23' title='bbox 481 562 536 612; x_wconf 82' lang='lat' dir='ltr'>ad</span> <span class='ocrx_word' id='word_1_24' title='bbox 563 563 754 611; x_wconf 77' lang='lat' dir='ltr'>vltimos</span> <span class='ocrx_word' id='word_1_25' title='bbox 792 575 935 609; x_wconf 81' lang='lat' dir='ltr'>terrae</span> <span class='ocrx_word' id='word_1_26' title='bbox 975 560 1088 609; x_wconf 84' lang='lat' dir='ltr'>fines</span> <span class='ocrx_word' id='word_1_27' title='bbox 1120 560 1326 608; x_wconf 83' lang='lat' dir='ltr'>tonantia</span> <span class='ocrx_word' id='word_1_28' title='bbox 1360 576 1551 623; x_wconf 83' lang='lat' dir='ltr'>quoque</span> <span class='ocrx_word' id='word_1_29' title='bbox 1583 577 1681 609; x_wconf 84' lang='lat' dir='ltr'>aera</span> <span class='ocrx_word' id='word_1_30' title='bbox 1719 557 1925 608; x_wconf 85' lang='lat' dir='ltr'>resonas-</span> 
     </span>
     <span class='ocr_line' id='line_1_4' title="bbox 87 657 1922 723; baseline -0.004 -12"><span class='ocrx_word' id='word_1_31' title='bbox 87 660 198 715; x_wconf 71' lang='lat' dir='ltr'>sent‚</span> <span class='ocrx_word' id='word_1_32' title='bbox 263 661 466 710; x_wconf 84' lang='lat' dir='ltr'>Viuebas</span> <span class='ocrx_word' id='word_1_33' title='bbox 499 662 546 709; x_wconf 83' lang='lat' dir='ltr'>in</span> <span class='ocrx_word' id='word_1_34' title='bbox 581 661 955 718; x_wconf 79' lang='lat' dir='ltr'>omnium-ore,</span> <span class='ocrx_word' id='word_1_35' title='bbox 991 659 1073 723; x_wconf 84' lang='lat' dir='ltr'>qui</span> <span class='ocrx_word' id='word_1_36' title='bbox 1112 657 1293 723; x_wconf 77' lang='lat' dir='ltr'><strong>semper</strong></span> <span class='ocrx_word' id='word_1_37' title='bbox 1337 659 1384 706; x_wconf 87' lang='lat' dir='ltr'>in</span> <span class='ocrx_word' id='word_1_38' title='bbox 1419 659 1652 707; x_wconf 80' lang='lat' dir='ltr'>mentibus</span> <span class='ocrx_word' id='word_1_39' title='bbox 1705 657 1922 723; x_wconf 75' lang='lat' dir='ltr'>bmnium</span> 
     </span>
     <span class='ocr_line' id='line_1_5' title="bbox 89 754 1923 821; baseline -0.004 -11"><span class='ocrx_word' id='word_1_40' title='bbox 89 761 306 821; x_wconf 84' lang='lat' dir='ltr'>viuebas;</span> <span class='ocrx_word' id='word_1_41' title='bbox 351 759 465 809; x_wconf 86' lang='lat' dir='ltr'>adeo</span> <span class='ocrx_word' id='word_1_42' title='bbox 490 775 575 808; x_wconf 85' lang='lat' dir='ltr'>nos</span> <span class='ocrx_word' id='word_1_43' title='bbox 597 759 704 808; x_wconf 87' lang='lat' dir='ltr'>Tua</span> <span class='ocrx_word' id='word_1_44' title='bbox 747 759 839 807; x_wconf 84' lang='lat' dir='ltr'>vita</span> <span class='ocrx_word' id='word_1_45' title='bbox 860 792 874 816; x_wconf 83' lang='grc'>,</span> <span class='ocrx_word' id='word_1_46' title='bbox 905 759 1013 806; x_wconf 74' lang='lat' dir='ltr'>Tua</span> <span class='ocrx_word' id='word_1_47' title='bbox 1040 756 1176 806; x_wconf 70' lang='lat' dir='ltr'>fflute</span> <span class='ocrx_word' id='word_1_48' title='bbox 1207 756 1360 806; x_wconf 86' lang='lat' dir='ltr'>felices</span> <span class='ocrx_word' id='word_1_49' title='bbox 1371 789 1385 814; x_wconf 82' lang='lat'>‚</span> <span class='ocrx_word' id='word_1_50' title='bbox 1415 754 1733 804; x_wconf 79' lang='lat' dir='ltr'>iucundiffima</span> <span class='ocrx_word' id='word_1_51' title='bbox 1763 771 1923 803; x_wconf 86' lang='lat' dir='ltr'>rerum</span> 
     </span>
     <span class='ocr_line' id='line_1_6' title="bbox 87 853 1925 923; baseline -0.005 -13"><span class='ocrx_word' id='word_1_52' title='bbox 87 858 373 923; x_wconf 79' lang='lat' dir='ltr'>catastrophe</span> <span class='ocrx_word' id='word_1_53' title='bbox 398 892 410 916; x_wconf 81' lang='lat'>,</span> <span class='ocrx_word' id='word_1_54' title='bbox 443 857 501 906; x_wconf 88' lang='lat' dir='ltr'>de</span> <span class='ocrx_word' id='word_1_55' title='bbox 533 871 712 916; x_wconf 82' lang='lat' dir='ltr'>morte,</span> <span class='ocrx_word' id='word_1_56' title='bbox 750 857 808 905; x_wconf 91' lang='lat' dir='ltr'>de</span> <span class='ocrx_word' id='word_1_57' title='bbox 839 858 966 906; x_wconf 82' lang='lat' dir='ltr'>luctu</span> <span class='ocrx_word' id='word_1_58' title='bbox 994 890 1007 914; x_wconf 82' lang='grc'>,</span> <span class='ocrx_word' id='word_1_59' title='bbox 1060 871 1105 905; x_wconf 89' lang='lat' dir='ltr'>et</span> <span class='ocrx_word' id='word_1_60' title='bbox 1136 855 1194 904; x_wconf 84' lang='lat' dir='ltr'>de</span> <span class='ocrx_word' id='word_1_61' title='bbox 1232 853 1322 920; x_wconf 81' lang='lat' dir='ltr'>ipsa</span> <span class='ocrx_word' id='word_1_62' title='bbox 1356 853 1558 918; x_wconf 79' lang='lat' dir='ltr'>denique</span> <span class='ocrx_word' id='word_1_63' title='bbox 1598 853 1782 902; x_wconf 79' lang='lat' dir='ltr'>fortuna</span> <span class='ocrx_word' id='word_1_64' title='bbox 1821 853 1925 902; x_wconf 87' lang='lat' dir='ltr'>laeti</span> 
     </span>
     <span class='ocr_line' id='line_1_7' title="bbox 88 952 1925 1022; baseline -0.003 -16"><span class='ocrx_word' id='word_1_65' title='bbox 88 957 500 1022; x_wconf 79' lang='lat' dir='ltr'>triumphabamus.</span> <span class='ocrx_word' id='word_1_66' title='bbox 568 954 734 1006; x_wconf 88' lang='lat' dir='ltr'>Cresce</span> <span class='ocrx_word' id='word_1_67' title='bbox 771 972 916 1021; x_wconf 79' lang='lat' dir='ltr'>porro</span> <span class='ocrx_word' id='word_1_68' title='bbox 952 969 997 1003; x_wconf 86' lang='lat' dir='ltr'>et</span> <span class='ocrx_word' id='word_1_69' title='bbox 1037 953 1218 1019; x_wconf 75' lang='lat' dir='ltr'><strong>vigesce</strong></span> <span class='ocrx_word' id='word_1_70' title='bbox 1259 955 1307 1002; x_wconf 82' lang='lat' dir='ltr'>in</span> <span class='ocrx_word' id='word_1_71' title='bbox 1347 953 1509 1021; x_wconf 82' lang='lat' dir='ltr'>Regali</span> <span class='ocrx_word' id='word_1_72' title='bbox 1549 952 1658 1001; x_wconf 88' lang='lat' dir='ltr'>Tua</span> <span class='ocrx_word' id='word_1_73' title='bbox 1704 967 1925 1016; x_wconf 75' lang='lat' dir='ltr'>purpura,</span> 
     </span>
     <span class='ocr_line' id='line_1_8' title="bbox 85 1048 1924 1113; baseline -0.003 -9"><span class='ocrx_word' id='word_1_74' title='bbox 85 1055 230 1104; x_wconf 87' lang='lat' dir='ltr'>decus</span> <span class='ocrx_word' id='word_1_75' title='bbox 259 1068 304 1104; x_wconf 91' lang='lat' dir='ltr'>et</span> <span class='ocrx_word' id='word_1_76' title='bbox 332 1072 463 1104; x_wconf 85' lang='lat' dir='ltr'>amor</span> <span class='ocrx_word' id='word_1_77' title='bbox 486 1056 741 1113; x_wconf 79' lang='lat' dir='ltr'>Gentium,</span> <span class='ocrx_word' id='word_1_78' title='bbox 772 1055 875 1104; x_wconf 86' lang='lat' dir='ltr'>Rex</span> <span class='ocrx_word' id='word_1_79' title='bbox 902 1054 1133 1112; x_wconf 81' lang='lat' dir='ltr'>Maxime,</span> <span class='ocrx_word' id='word_1_80' title='bbox 1171 1054 1286 1102; x_wconf 86' lang='lat' dir='ltr'>Rex·</span> <span class='ocrx_word' id='word_1_81' title='bbox 1307 1050 1711 1108; x_wconf 83' lang='lat' dir='ltr'>Christianiffime,</span> <span class='ocrx_word' id='word_1_82' title='bbox 1746 1064 1790 1098; x_wconf 90' lang='lat' dir='ltr'>et</span> <span class='ocrx_word' id='word_1_83' title='bbox 1820 1048 1924 1098; x_wconf 85' lang='lat' dir='ltr'>sub-</span> 
     </span>
     <span class='ocr_line' id='line_1_9' title="bbox 88 1148 1923 1219; baseline -0.002 -17"><span class='ocrx_word' id='word_1_84' title='bbox 88 1154 225 1202; x_wconf 84' lang='lat' dir='ltr'>nixus</span> <span class='ocrx_word' id='word_1_85' title='bbox 252 1154 477 1212; x_wconf 81' lang='lat' dir='ltr'>Rectore,</span> <span class='ocrx_word' id='word_1_86' title='bbox 511 1152 728 1202; x_wconf 84' lang='lat' dir='ltr'>subnixus</span> <span class='ocrx_word' id='word_1_87' title='bbox 751 1153 1006 1219; x_wconf 81' lang='lat' dir='ltr'>Villaregio</span> <span class='ocrx_word' id='word_1_88' title='bbox 1032 1153 1173 1210; x_wconf 80' lang='lat' dir='ltr'>Tuo,</span> <span class='ocrx_word' id='word_1_89' title='bbox 1207 1153 1359 1217; x_wconf 70' lang='lat' dir='ltr'>relege</span> <span class='ocrx_word' id='word_1_90' title='bbox 1383 1164 1454 1201; x_wconf 90' lang='lat' dir='ltr'>tot</span> <span class='ocrx_word' id='word_1_91' title='bbox 1485 1148 1745 1199; x_wconf 79' lang='lat' dir='ltr'>veneranda</span> <span class='ocrx_word' id='word_1_92' title='bbox 1774 1149 1923 1198; x_wconf 86' lang='lat' dir='ltr'>Maio-</span> 
     </span>
     <span class='ocr_line' id='line_1_10' title="bbox 87 1246 1922 1318; baseline -0.003 -18"><span class='ocrx_word' id='word_1_93' title='bbox 87 1267 194 1301; x_wconf 87' lang='lat' dir='ltr'>rum</span> <span class='ocrx_word' id='word_1_94' title='bbox 217 1252 454 1300; x_wconf 83' lang='lat' dir='ltr'>Tuorum</span> <span class='ocrx_word' id='word_1_95' title='bbox 499 1251 686 1318; x_wconf 80' lang='lat' dir='ltr'>vestigia</span> <span class='ocrx_word' id='word_1_96' title='bbox 707 1284 720 1309; x_wconf 84' lang='lat'>‚</span> <span class='ocrx_word' id='word_1_97' title='bbox 753 1265 799 1300; x_wconf 88' lang='lat' dir='ltr'>et</span> <span class='ocrx_word' id='word_1_98' title='bbox 828 1250 1142 1300; x_wconf 75' lang='lat' dir='ltr'>immortalem</span> <span class='ocrx_word' id='word_1_99' title='bbox 1180 1250 1300 1298; x_wconf 82' lang='lat' dir='ltr'>illam</span> <span class='ocrx_word' id='word_1_100' title='bbox 1340 1248 1571 1297; x_wconf 84' lang='lat' dir='ltr'>Ludouici</span> <span class='ocrx_word' id='word_1_101' title='bbox 1617 1247 1784 1313; x_wconf 81' lang='lat' dir='ltr'>Magni</span> <span class='ocrx_word' id='word_1_102' title='bbox 1816 1246 1922 1311; x_wconf 75' lang='lat' dir='ltr'>glo-</span> 
     </span>
     <span class='ocr_line' id='line_1_11' title="bbox 85 1343 1923 1424; baseline -0.003 -25"><span class='ocrx_word' id='word_1_103' title='bbox 85 1352 202 1399; x_wconf 84' lang='lat' dir='ltr'>riam</span> <span class='ocrx_word' id='word_1_104' title='bbox 247 1364 383 1424; x_wconf 65' lang='lat' dir='ltr'>atqpe</span> <span class='ocrx_word' id='word_1_105' title='bbox 417 1349 813 1415; x_wconf 74' lang='lat' dir='ltr'>magnitudinem,</span> <span class='ocrx_word' id='word_1_106' title='bbox 847 1349 946 1413; x_wconf 80' lang='lat' dir='ltr'>Ipse</span> <span class='ocrx_word' id='word_1_107' title='bbox 982 1365 1175 1412; x_wconf 84' lang='lat' dir='ltr'>quoque</span> <span class='ocrx_word' id='word_1_108' title='bbox 1217 1349 1398 1404; x_wconf 54' lang='lat' dir='ltr'>MAor,</span> <span class='ocrx_word' id='word_1_109' title='bbox 1454 1346 1629 1395; x_wconf 70' lang='lat' dir='ltr'>Galliae</span> <span class='ocrx_word' id='word_1_110' title='bbox 1673 1343 1923 1408; x_wconf 76' lang='lat' dir='ltr'>aliquando</span> 
     </span>
     <span class='ocr_line' id='line_1_12' title="bbox 85 1441 1924 1514; baseline -0.003 -17"><span class='ocrx_word' id='word_1_111' title='bbox 85 1447 220 1497; x_wconf 86' lang='lat' dir='ltr'>Tuae</span> <span class='ocrx_word' id='word_1_112' title='bbox 251 1448 546 1514; x_wconf 86' lang='lat' dir='ltr'>repraesenta.</span> <span class='ocrx_word' id='word_1_113' title='bbox 614 1447 674 1495; x_wconf 87' lang='lat' dir='ltr'>Et</span> <span class='ocrx_word' id='word_1_114' title='bbox 708 1445 821 1495; x_wconf 82' lang='lat' dir='ltr'>sicut</span> <span class='ocrx_word' id='word_1_115' title='bbox 855 1459 1008 1494; x_wconf 84' lang='lat' dir='ltr'>tenera</span> <span class='ocrx_word' id='word_1_116' title='bbox 1051 1446 1099 1493; x_wconf 87' lang='lat' dir='ltr'>in</span> <span class='ocrx_word' id='word_1_117' title='bbox 1127 1442 1420 1493; x_wconf 87' lang='lat' dir='ltr'>succedendo</span> <span class='ocrx_word' id='word_1_118' title='bbox 1464 1456 1630 1501; x_wconf 78' lang='lat' dir='ltr'>aetate,</span> <span class='ocrx_word' id='word_1_119' title='bbox 1662 1442 1776 1491; x_wconf 75' lang='lat' dir='ltr'>ficut</span> <span class='ocrx_word' id='word_1_120' title='bbox 1820 1441 1924 1507; x_wconf 82' lang='lat' dir='ltr'>ipfis</span> 
     </span>
     <span class='ocr_line' id='line_1_13' title="bbox 86 1533 1925 1613; baseline -0.003 -17"><span class='ocrx_word' id='word_1_121' title='bbox 86 1545 313 1613; x_wconf 84' lang='lat' dir='ltr'>regnandi</span> <span class='ocrx_word' id='word_1_122' title='bbox 359 1546 582 1604; x_wconf 82' lang='lat' dir='ltr'>exordiis,</span> <span class='ocrx_word' id='word_1_123' title='bbox 627 1544 741 1594; x_wconf 87' lang='lat' dir='ltr'>ficut</span> <span class='ocrx_word' id='word_1_124' title='bbox 781 1543 1076 1593; x_wconf 76' lang='lat' dir='ltr'>similitudine</span> <span class='ocrx_word' id='word_1_125' title='bbox 1132 1544 1260 1610; x_wconf 84' lang='lat' dir='ltr'>genii</span> <span class='ocrx_word' id='word_1_126' title='bbox 1315 1558 1373 1592; x_wconf 85' lang='lat' dir='ltr'>ex</span> <span class='ocrx_word' id='word_1_127' title='bbox 1417 1558 1499 1591; x_wconf 87' lang='lat' dir='ltr'>ore</span> <span class='ocrx_word' id='word_1_128' title='bbox 1537 1533 1652 1591; x_wconf 79' lang='lat' dir='ltr'>Tuo</span> <span class='ocrx_word' id='word_1_129' title='bbox 1702 1541 1925 1591; x_wconf 88' lang='lat' dir='ltr'>elucentis</span> 
     </span>
     <span class='ocr_line' id='line_1_14' title="bbox 86 1640 1923 1709; baseline -0.002 -17"><span class='ocrx_word' id='word_1_130' title='bbox 86 1644 220 1693; x_wconf 81' lang='lat' dir='ltr'>illum</span> <span class='ocrx_word' id='word_1_131' title='bbox 261 1660 401 1708; x_wconf 85' lang='lat' dir='ltr'>quam</span> <span class='ocrx_word' id='word_1_132' title='bbox 435 1646 635 1693; x_wconf 79' lang='lat' dir='ltr'>maxime</span> <span class='ocrx_word' id='word_1_133' title='bbox 663 1641 830 1702; x_wconf 77' lang='lat' dir='ltr'>refers,</span> <span class='ocrx_word' id='word_1_134' title='bbox 866 1645 924 1694; x_wconf 85' lang='lat' dir='ltr'>ita</span> <span class='ocrx_word' id='word_1_135' title='bbox 960 1642 1049 1709; x_wconf 87' lang='lat' dir='ltr'>ipsa</span> <span class='ocrx_word' id='word_1_136' title='bbox 1082 1659 1277 1707; x_wconf 84' lang='lat' dir='ltr'>quoque</span> <span class='ocrx_word' id='word_1_137' title='bbox 1310 1641 1512 1692; x_wconf 87' lang='lat' dir='ltr'>fatorum</span> <span class='ocrx_word' id='word_1_138' title='bbox 1547 1640 1782 1699; x_wconf 76' lang='lat' dir='ltr'>felicitate,</span> <span class='ocrx_word' id='word_1_139' title='bbox 1819 1640 1923 1689; x_wconf 85' lang='lat' dir='ltr'>diu-</span> 
     </span>
     <span class='ocr_line' id='line_1_15' title="bbox 88 1720 1919 1808; baseline -0.002 -18"><span class='ocrx_word' id='word_1_140' title='bbox 88 1743 397 1805; x_wconf 87' lang='lat' dir='ltr'>turnitateque</span> <span class='ocrx_word' id='word_1_141' title='bbox 454 1743 639 1807; x_wconf 82' lang='lat' dir='ltr'>imperii</span> <span class='ocrx_word' id='word_1_142' title='bbox 693 1742 896 1791; x_wconf 81' lang='lat' dir='ltr'>eundem</span> <span class='ocrx_word' id='word_1_143' title='bbox 951 1720 1244 1808; x_wconf 80' lang='lat' dir='ltr'>grandaeuus</span> <span class='ocrx_word' id='word_1_144' title='bbox 1321 1740 1569 1806; x_wconf 85' lang='lat' dir='ltr'>aliquando</span> <span class='ocrx_word' id='word_1_145' title='bbox 1640 1737 1919 1789; x_wconf 79' lang='lat' dir='ltr'>transcende.</span> 
     </span>
     <span class='ocr_line' id='line_1_16' title="bbox 92 1835 1922 1904; baseline 0.002 -20"><span class='ocrx_word' id='word_1_146' title='bbox 92 1835 279 1903; x_wconf 75' lang='lat' dir='ltr'>Qiodfi</span> <span class='ocrx_word' id='word_1_147' title='bbox 305 1838 602 1901; x_wconf 81' lang='lat' dir='ltr'>triumphales</span> <span class='ocrx_word' id='word_1_148' title='bbox 630 1840 720 1886; x_wconf 82' lang='lat' dir='ltr'>iam</span> <span class='ocrx_word' id='word_1_149' title='bbox 755 1837 940 1889; x_wconf 87' lang='lat' dir='ltr'>fuerunt</span> <span class='ocrx_word' id='word_1_150' title='bbox 967 1857 1112 1889; x_wconf 84' lang='lat' dir='ltr'>cunae</span> <span class='ocrx_word' id='word_1_151' title='bbox 1133 1840 1295 1900; x_wconf 85' lang='lat' dir='ltr'>Tuae3</span> <span class='ocrx_word' id='word_1_152' title='bbox 1330 1838 1363 1887; x_wconf 88' lang='lat' dir='ltr'>fi</span> <span class='ocrx_word' id='word_1_153' title='bbox 1389 1840 1509 1887; x_wconf 67' lang='lat' dir='ltr'>inter</span> <span class='ocrx_word' id='word_1_154' title='bbox 1538 1852 1608 1888; x_wconf 89' lang='lat' dir='ltr'>tot</span> <span class='ocrx_word' id='word_1_155' title='bbox 1633 1838 1922 1904; x_wconf 68' lang='lat' dir='ltr'>populorum</span> 
     </span>
     <span class='ocr_line' id='line_1_17' title="bbox 91 1931 1922 1998; baseline 0.002 -16"><span class='ocrx_word' id='word_1_156' title='bbox 91 1931 330 1998; x_wconf 77' lang='lat' dir='ltr'>applausus</span> <span class='ocrx_word' id='word_1_157' title='bbox 366 1939 516 1983; x_wconf 81' lang='lat' dir='ltr'>Heros</span> <span class='ocrx_word' id='word_1_158' title='bbox 571 1933 812 1997; x_wconf 81' lang='lat' dir='ltr'>adolescis3</span> <span class='ocrx_word' id='word_1_159' title='bbox 847 1935 880 1984; x_wconf 88' lang='lat' dir='ltr'>fi</span> <span class='ocrx_word' id='word_1_160' title='bbox 911 1937 982 1986; x_wconf 88' lang='lat' dir='ltr'>vel</span> <span class='ocrx_word' id='word_1_161' title='bbox 1017 1939 1064 1985; x_wconf 89' lang='lat' dir='ltr'>in</span> <span class='ocrx_word' id='word_1_162' title='bbox 1107 1937 1193 1985; x_wconf 84' lang='lat' dir='ltr'>hac</span> <span class='ocrx_word' id='word_1_163' title='bbox 1236 1950 1377 1985; x_wconf 87' lang='lat' dir='ltr'>aetate</span> <span class='ocrx_word' id='word_1_164' title='bbox 1417 1937 1666 1985; x_wconf 83' lang='lat' dir='ltr'>maximam</span> <span class='ocrx_word' id='word_1_165' title='bbox 1696 1937 1922 1985; x_wconf 80' lang='lat' dir='ltr'>Tuorum</span> 
     </span>
     <span class='ocr_line' id='line_1_18' title="bbox 89 2029 1954 2098; baseline 0 -18"><span class='ocrx_word' id='word_1_166' title='bbox 89 2029 218 2097; x_wconf 86' lang='lat' dir='ltr'>spem</span> <span class='ocrx_word' id='word_1_167' title='bbox 255 2033 347 2080; x_wconf 83' lang='lat' dir='ltr'>iam</span> <span class='ocrx_word' id='word_1_168' title='bbox 382 2031 563 2096; x_wconf 84' lang='lat' dir='ltr'>pridem</span> <span class='ocrx_word' id='word_1_169' title='bbox 597 2031 834 2097; x_wconf 84' lang='lat' dir='ltr'>superasti3</span> <span class='ocrx_word' id='word_1_170' title='bbox 889 2034 1020 2082; x_wconf 88' lang='lat' dir='ltr'>viues</span> <span class='ocrx_word' id='word_1_171' title='bbox 1055 2049 1246 2097; x_wconf 89' lang='lat' dir='ltr'>quoque</span> <span class='ocrx_word' id='word_1_172' title='bbox 1276 2033 1322 2081; x_wconf 85' lang='lat' dir='ltr'>in</span> <span class='ocrx_word' id='word_1_173' title='bbox 1361 2032 1599 2098; x_wconf 80' lang='lat' dir='ltr'>posterum</span> <span class='ocrx_word' id='word_1_174' title='bbox 1632 2031 1810 2097; x_wconf 83' lang='lat' dir='ltr'>semper</span> <span class='ocrx_word' id='word_1_175' title='bbox 1844 2034 1954 2081; x_wconf 75' lang='lat' dir='ltr'>Iri-⁶</span> 
     </span>
     <span class='ocr_line' id='line_1_19' title="bbox 0 2110 2005 2206; baseline 0 -27"><span class='ocrx_word' id='word_1_176' title='bbox 0 2198 1 2206; x_wconf 10' lang='grc' dir='ltr'>ἵ</span> <span class='ocrx_word' id='word_1_177' title='bbox 84 2130 264 2189; x_wconf 82' lang='lat' dir='ltr'>victus,</span> <span class='ocrx_word' id='word_1_178' title='bbox 300 2129 478 2194; x_wconf 86' lang='lat' dir='ltr'>semper</span> <span class='ocrx_word' id='word_1_179' title='bbox 507 2130 769 2195; x_wconf 81' lang='lat' dir='ltr'>Augustus,</span> <span class='ocrx_word' id='word_1_180' title='bbox 804 2110 970 2179; x_wconf 86' lang='lat' dir='ltr'>mundi</span> <span class='ocrx_word' id='word_1_181' title='bbox 1009 2131 1322 2188; x_wconf 84' lang='lat' dir='ltr'>Miraeulum‚</span> <span class='ocrx_word' id='word_1_182' title='bbox 1369 2132 1544 2195; x_wconf 83' lang='lat' dir='ltr'>Stupor</span> <span class='ocrx_word' id='word_1_183' title='bbox 1583 2132 1823 2195; x_wconf 84' lang='lat' dir='ltr'>gentium,</span> <span class='ocrx_word' id='word_1_184' title='bbox 1862 2140 1922 2189; x_wconf 83' lang='lat' dir='ltr'>et,</span> <span class='ocrx_word' id='word_1_185' title='bbox 1983 2110 2005 2117; x_wconf 12' lang='grc' dir='ltr'><strong>χ</strong></span> 
     </span>
     <span class='ocr_line' id='line_1_20' title="bbox 0 2227 1854 2296; baseline -0.002 -18"><span class='ocrx_word' id='word_1_186' title='bbox 0 2273 26 2289; x_wconf 29' lang='grc' dir='ltr'>μ</span> <span class='ocrx_word' id='word_1_187' title='bbox 91 2240 192 2293; x_wconf 86' lang='lat' dir='ltr'>quo</span> <span class='ocrx_word' id='word_1_188' title='bbox 219 2227 453 2296; x_wconf 85' lang='lat' dir='ltr'>augustius</span> <span class='ocrx_word' id='word_1_189' title='bbox 484 2243 663 2278; x_wconf 86' lang='lat' dir='ltr'>nomen</span> <span class='ocrx_word' id='word_1_190' title='bbox 692 2228 820 2279; x_wconf 87' lang='lat' dir='ltr'>orbis</span> <span class='ocrx_word' id='word_1_191' title='bbox 853 2244 951 2277; x_wconf 90' lang='lat' dir='ltr'>non</span> <span class='ocrx_word' id='word_1_192' title='bbox 986 2229 1117 2287; x_wconf 86' lang='lat' dir='ltr'>vidit,</span> <span class='ocrx_word' id='word_1_193' title='bbox 1153 2229 1327 2280; x_wconf 82' lang='lat' dir='ltr'>Galliae</span> <span class='ocrx_word' id='word_1_194' title='bbox 1361 2227 1854 2280; x_wconf 85' lang='lat' dir='ltr'>LVDOVICVS.</span> 
     </span>
     <span class='ocr_line' id='line_1_21' title="bbox 0 2320 1553 2378; baseline -0.003 2"><span class='ocrx_word' id='word_1_195' title='bbox 0 2342 1 2352; x_wconf 63' lang='lat'>¹</span> <span class='ocrx_word' id='word_1_196' title='bbox 832 2326 878 2377; x_wconf 96' lang='lat' dir='ltr'>D</span> <span class='ocrx_word' id='word_1_197' title='bbox 948 2327 972 2376; x_wconf 89' lang='lat'><em>1</em></span> <span class='ocrx_word' id='word_1_198' title='bbox 1039 2328 1084 2376; x_wconf 89' lang='grc' dir='ltr'>Χ</span> <span class='ocrx_word' id='word_1_199' title='bbox 1151 2332 1184 2378; x_wconf 87' lang='grc' dir='ltr'>Ι.</span> <span class='ocrx_word' id='word_1_200' title='bbox 1550 2320 1553 2323; x_wconf 41' lang='lat'><strong>⁴</strong></span> 
     </span>
    </p>
   </div>
   <div class='ocr_carea' id='block_1_2' title="bbox 1001 2713 1920 2766">
    <p class='ocr_par' dir='ltr' id='par_1_2' title="bbox 1001 2713 1920 2766">
     <span class='ocr_line' id='line_1_22' title="bbox 1001 2713 1920 2766; baseline 0.001 -3"><span class='ocrx_word' id='word_1_201' title='bbox 1001 2713 1046 2763; x_wconf 92' lang='lat' dir='ltr'>C</span> <span class='ocrx_word' id='word_1_202' title='bbox 1081 2732 1107 2766; x_wconf 84' lang='lat'><em>2</em></span> <span class='ocrx_word' id='word_1_203' title='bbox 1718 2713 1920 2764; x_wconf 89' lang='lat' dir='ltr'>PANE-</span> 
     </span>
    </p>
   </div>
   <div class='ocr_carea' id='block_1_3' title="bbox 1578 3482 2477 3485">
    <p class='ocr_par' dir='ltr' id='par_1_3' title="bbox 1578 3482 2477 3485">
     <span class='ocr_line' id='line_1_23' title="bbox 1578 3482 2477 3485; baseline 0 0"><span class='ocrx_word' id='word_1_204' title='bbox 1578 3482 2477 3485; x_wconf 95' lang='lat' dir='ltr'> </span> 
     </span>
    </p>
   </div>
  </div>
 </body>
</html>
