<?xml version="1.0" encoding="UTF-8"?>
<!DOCTYPE html PUBLIC "-//W3C//DTD XHTML 1.0 Transitional//EN"
    "http://www.w3.org/TR/xhtml1/DTD/xhtml1-transitional.dtd">
<html xmlns="http://www.w3.org/1999/xhtml" xml:lang="en" lang="en">
 <head>
  <title>
</title>
<meta http-equiv="Content-Type" content="text/html;charset=utf-8" />
  <meta name='ocr-system' content='tesseract 3.04.00' />
  <meta name='ocr-capabilities' content='ocr_page ocr_carea ocr_par ocr_line ocrx_word'/>
</head>
<body>
  <div class='ocr_page' id='page_1' title='image "./operaoratoriapan00schouoft_0689.png"; bbox 0 0 2503 3444; ppageno 0'>
   <div class='ocr_carea' id='block_1_1' title="bbox 696 326 1933 415">
    <p class='ocr_par' dir='ltr' id='par_1_1' title="bbox 696 326 1933 415">
     <span class='ocr_line' id='line_1_1' title="bbox 696 326 1933 415; baseline -0.004 -8"><span class='ocrx_word' id='word_1_1' title='bbox 696 329 805 407; x_wconf 53' lang='lat' dir='ltr'><em>Q</em></span> <span class='ocrx_word' id='word_1_2' title='bbox 883 329 1132 403; x_wconf 87' lang='lat'>)(0)(</span> <span class='ocrx_word' id='word_1_3' title='bbox 1208 326 1324 405; x_wconf 57' lang='lat' dir='ltr'>est*</span> <span class='ocrx_word' id='word_1_4' title='bbox 1817 359 1933 415; x_wconf 74' lang='lat'>295</span> 
     </span>
    </p>
   </div>
   <div class='ocr_carea' id='block_1_2' title="bbox 24 435 1931 525">
    <p class='ocr_par' dir='ltr' id='par_1_2' title="bbox 24 435 1931 525">
     <span class='ocr_line' id='line_1_2' title="bbox 24 435 1931 525; baseline 0.004 -18"><span class='ocrx_word' id='word_1_5' title='bbox 24 435 28 467; x_wconf 62' lang='lat'>²</span> <span class='ocrx_word' id='word_1_6' title='bbox 80 455 370 507; x_wconf 76' lang='lat' dir='ltr'>rudimenta.</span> <span class='ocrx_word' id='word_1_7' title='bbox 436 451 570 521; x_wconf 81' lang='lat' dir='ltr'>Qid</span> <span class='ocrx_word' id='word_1_8' title='bbox 596 452 644 500; x_wconf 89' lang='lat' dir='ltr'>in</span> <span class='ocrx_word' id='word_1_9' title='bbox 674 451 758 501; x_wconf 88' lang='lat' dir='ltr'>illis</span> <span class='ocrx_word' id='word_1_10' title='bbox 789 451 1026 516; x_wconf 78' lang='lat' dir='ltr'>scriptum,</span> <span class='ocrx_word' id='word_1_11' title='bbox 1060 469 1149 517; x_wconf 89' lang='lat' dir='ltr'>qua</span> <span class='ocrx_word' id='word_1_12' title='bbox 1177 452 1349 518; x_wconf 84' lang='lat' dir='ltr'>lingua,</span> <span class='ocrx_word' id='word_1_13' title='bbox 1378 454 1552 520; x_wconf 88' lang='lat' dir='ltr'>quibus</span> <span class='ocrx_word' id='word_1_14' title='bbox 1578 456 1931 525; x_wconf 77' lang='lat' dir='ltr'>characteribus²</span> 
     </span>
    </p>
   </div>
   <div class='ocr_carea' id='block_1_3' title="bbox 96 549 1929 913">
    <p class='ocr_par' dir='ltr' id='par_1_3' title="bbox 104 549 1391 615">
     <span class='ocr_line' id='line_1_3' title="bbox 104 549 1391 615; baseline -0.005 -12"><span class='ocrx_word' id='word_1_15' title='bbox 104 554 256 603; x_wconf 85' lang='lat' dir='ltr'>dicere</span> <span class='ocrx_word' id='word_1_16' title='bbox 279 549 500 600; x_wconf 80' lang='lat' dir='ltr'><strong>debuisset</strong></span> <span class='ocrx_word' id='word_1_17' title='bbox 528 549 801 599; x_wconf 78' lang='lat' dir='ltr'>Historicus.</span> <span class='ocrx_word' id='word_1_18' title='bbox 1389 611 1391 615; x_wconf 28' lang='grc' dir='ltr'>Ι</span> 
     </span>
    </p>

    <p class='ocr_par' dir='ltr' id='par_1_4' title="bbox 96 626 1929 913">
     <span class='ocr_line' id='line_1_4' title="bbox 228 626 1926 717; baseline 0.006 -19"><span class='ocrx_word' id='word_1_19' title='bbox 228 650 311 699; x_wconf 91' lang='lat' dir='ltr'>IV.</span> <span class='ocrx_word' id='word_1_20' title='bbox 380 646 525 713; x_wconf 64' lang='lat' dir='ltr'>Pristi</span> <span class='ocrx_word' id='word_1_21' title='bbox 551 647 756 698; x_wconf 83' lang='lat' dir='ltr'><em>mortales</em></span> <span class='ocrx_word' id='word_1_22' title='bbox 784 664 899 697; x_wconf 90' lang='lat' dir='ltr'>num</span> <span class='ocrx_word' id='word_1_23' title='bbox 921 626 1090 696; x_wconf 79' lang='lat' dir='ltr'>fuerint</span> <span class='ocrx_word' id='word_1_24' title='bbox 1108 651 1330 717; x_wconf 79' lang='lat' dir='ltr'>gigantes,</span> <span class='ocrx_word' id='word_1_25' title='bbox 1363 649 1526 715; x_wconf 83' lang='lat' dir='ltr'>saepius</span> <span class='ocrx_word' id='word_1_26' title='bbox 1552 655 1794 717; x_wconf 81' lang='lat' dir='ltr'>quaefitum</span> <span class='ocrx_word' id='word_1_27' title='bbox 1825 658 1926 713; x_wconf 88' lang='lat' dir='ltr'>fuir.</span> 
     </span>
     <span class='ocr_line' id='line_1_5' title="bbox 99 746 1927 814; baseline 0.002 -16"><span class='ocrx_word' id='word_1_28' title='bbox 99 747 397 798; x_wconf 77' lang='lat' dir='ltr'>Contrarium</span> <span class='ocrx_word' id='word_1_29' title='bbox 426 746 514 810; x_wconf 76' lang='lat' dir='ltr'>ipsa</span> <span class='ocrx_word' id='word_1_30' title='bbox 544 747 793 811; x_wconf 79' lang='lat' dir='ltr'>praesertim</span> <span class='ocrx_word' id='word_1_31' title='bbox 818 746 1020 813; x_wconf 87' lang='lat' dir='ltr'>AEgypti</span> <span class='ocrx_word' id='word_1_32' title='bbox 1057 748 1360 811; x_wconf 84' lang='lat' dir='ltr'>Pyramidum</span> <span class='ocrx_word' id='word_1_33' title='bbox 1392 748 1615 814; x_wconf 84' lang='lat' dir='ltr'>inspectio</span> <span class='ocrx_word' id='word_1_34' title='bbox 1648 753 1818 805; x_wconf 77' lang='lat' dir='ltr'>docere</span> <span class='ocrx_word' id='word_1_35' title='bbox 1855 760 1927 808; x_wconf 81' lang='lat' dir='ltr'>vi.</span> 
     </span>
     <span class='ocr_line' id='line_1_6' title="bbox 96 844 1929 913; baseline 0.003 -19"><span class='ocrx_word' id='word_1_36' title='bbox 96 844 246 894; x_wconf 87' lang='lat' dir='ltr'>detur.</span> <span class='ocrx_word' id='word_1_37' title='bbox 313 845 494 894; x_wconf 79' lang='lat' dir='ltr'>Ioannes</span> <span class='ocrx_word' id='word_1_38' title='bbox 526 845 746 902; x_wconf 80' lang='lat' dir='ltr'>Gravius,</span> <span class='ocrx_word' id='word_1_39' title='bbox 777 845 927 908; x_wconf 87' lang='lat' dir='ltr'>quiin</span> <span class='ocrx_word' id='word_1_40' title='bbox 951 844 1415 912; x_wconf 79' lang='lat' dir='ltr'>Pyramidographia‚</span> <span class='ocrx_word' id='word_1_41' title='bbox 1448 850 1627 913; x_wconf 82' lang='lat' dir='ltr'>anglice</span> <span class='ocrx_word' id='word_1_42' title='bbox 1671 851 1801 912; x_wconf 84' lang='lat' dir='ltr'>edita,</span> <span class='ocrx_word' id='word_1_43' title='bbox 1834 871 1929 908; x_wconf 84' lang='lat' dir='ltr'>ma.</span> 
     </span>
    </p>
   </div>
   <div class='ocr_carea' id='block_1_4' title="bbox 95 941 1926 1011">
    <p class='ocr_par' dir='ltr' id='par_1_5' title="bbox 95 941 1926 1011">
     <span class='ocr_line' id='line_1_7' title="bbox 95 941 1926 1011; baseline 0.004 -21"><span class='ocrx_word' id='word_1_44' title='bbox 95 942 236 991; x_wconf 80' lang='lat' dir='ltr'>ximae</span> <span class='ocrx_word' id='word_1_45' title='bbox 269 941 529 1007; x_wconf 86' lang='lat' dir='ltr'>Pyramidis</span> <span class='ocrx_word' id='word_1_46' title='bbox 549 941 836 1007; x_wconf 81' lang='lat' dir='ltr'>superficiem</span> <span class='ocrx_word' id='word_1_47' title='bbox 870 942 1198 991; x_wconf 77' lang='lat' dir='ltr'>accuratissime</span> <span class='ocrx_word' id='word_1_48' title='bbox 1233 945 1518 1004; x_wconf 74' lang='lat' dir='ltr'>metitusest</span> <span class='ocrx_word' id='word_1_49' title='bbox 1534 979 1548 1002; x_wconf 83' lang='lat'><em>‚</em></span> <span class='ocrx_word' id='word_1_50' title='bbox 1580 949 1625 995; x_wconf 86' lang='lat' dir='ltr'>in</span> <span class='ocrx_word' id='word_1_51' title='bbox 1648 949 1803 1011; x_wconf 85' lang='lat' dir='ltr'>medio</span> <span class='ocrx_word' id='word_1_52' title='bbox 1828 955 1926 1010; x_wconf 74' lang='lat' dir='ltr'>eius</span> 
     </span>
    </p>
   </div>
   <div class='ocr_carea' id='block_1_5' title="bbox 77 1037 1925 1112">
    <p class='ocr_par' dir='ltr' id='par_1_6' title="bbox 77 1037 1925 1112">
     <span class='ocr_line' id='line_1_8' title="bbox 77 1037 1925 1112; baseline 0.001 -21"><span class='ocrx_word' id='word_1_53' title='bbox 77 1037 244 1106; x_wconf 26' lang='lat' dir='ltr'>‘cistam</span> <span class='ocrx_word' id='word_1_54' title='bbox 269 1055 592 1099; x_wconf 85' lang='lat' dir='ltr'>marmoream,</span> <span class='ocrx_word' id='word_1_55' title='bbox 623 1040 679 1090; x_wconf 89' lang='lat' dir='ltr'>ad</span> <span class='ocrx_word' id='word_1_56' title='bbox 710 1040 969 1090; x_wconf 89' lang='lat' dir='ltr'>mensuram</span> <span class='ocrx_word' id='word_1_57' title='bbox 994 1040 1255 1104; x_wconf 73' lang='lat' dir='ltr'>corpusculi</span> <span class='ocrx_word' id='word_1_58' title='bbox 1279 1042 1413 1106; x_wconf 81' lang='lat' dir='ltr'>Regii</span> <span class='ocrx_word' id='word_1_59' title='bbox 1436 1058 1666 1102; x_wconf 80' lang='lat' dir='ltr'>cavatam&gt;</span> <span class='ocrx_word' id='word_1_60' title='bbox 1689 1046 1762 1096; x_wconf 84' lang='lat' dir='ltr'>sex</span> <span class='ocrx_word' id='word_1_61' title='bbox 1784 1049 1925 1112; x_wconf 79' lang='lat' dir='ltr'>pedes</span> 
     </span>
    </p>
   </div>
   <div class='ocr_carea' id='block_1_6' title="bbox 89 1136 1925 2666">
    <p class='ocr_par' dir='ltr' id='par_1_7' title="bbox 92 1136 1925 1595">
     <span class='ocr_line' id='line_1_9' title="bbox 95 1136 1925 1207; baseline 0.004 -20"><span class='ocrx_word' id='word_1_62' title='bbox 95 1152 206 1188; x_wconf 86' lang='lat' dir='ltr'>cum</span> <span class='ocrx_word' id='word_1_63' title='bbox 231 1136 426 1187; x_wconf 84' lang='lat' dir='ltr'>dimidio</span> <span class='ocrx_word' id='word_1_64' title='bbox 448 1137 542 1187; x_wconf 86' lang='lat' dir='ltr'>fere</span> <span class='ocrx_word' id='word_1_65' title='bbox 564 1139 770 1205; x_wconf 84' lang='lat' dir='ltr'>longam,</span> <span class='ocrx_word' id='word_1_66' title='bbox 804 1138 945 1203; x_wconf 88' lang='lat' dir='ltr'>pedes</span> <span class='ocrx_word' id='word_1_67' title='bbox 962 1138 1089 1187; x_wconf 85' lang='lat' dir='ltr'>duos</span> <span class='ocrx_word' id='word_1_68' title='bbox 1112 1155 1221 1187; x_wconf 88' lang='lat' dir='ltr'>cum</span> <span class='ocrx_word' id='word_1_69' title='bbox 1251 1139 1505 1202; x_wconf 56' lang='lat' dir='ltr'>quadrante</span> <span class='ocrx_word' id='word_1_70' title='bbox 1532 1141 1670 1190; x_wconf 88' lang='lat' dir='ltr'>latam</span> <span class='ocrx_word' id='word_1_71' title='bbox 1705 1143 1925 1207; x_wconf 56' lang='lat' dir='ltr'>inveniffe,</span> 
     </span>
     <span class='ocr_line' id='line_1_10' title="bbox 94 1233 1925 1301; baseline 0.006 -18"><span class='ocrx_word' id='word_1_72' title='bbox 94 1233 138 1284; x_wconf 80' lang='lat' dir='ltr'>se</span> <span class='ocrx_word' id='word_1_73' title='bbox 165 1235 313 1284; x_wconf 88' lang='lat' dir='ltr'>tradit.</span> <span class='ocrx_word' id='word_1_74' title='bbox 381 1236 452 1285; x_wconf 84' lang='lat' dir='ltr'>Ex</span> <span class='ocrx_word' id='word_1_75' title='bbox 474 1235 558 1285; x_wconf 88' lang='lat' dir='ltr'>isto</span> <span class='ocrx_word' id='word_1_76' title='bbox 582 1251 736 1286; x_wconf 89' lang='lat' dir='ltr'>autem</span> <span class='ocrx_word' id='word_1_77' title='bbox 754 1236 1008 1301; x_wconf 85' lang='lat' dir='ltr'>Sandapilae</span> <span class='ocrx_word' id='word_1_78' title='bbox 1031 1236 1227 1286; x_wconf 88' lang='lat' dir='ltr'>modulo</span> <span class='ocrx_word' id='word_1_79' title='bbox 1253 1235 1352 1286; x_wconf 90' lang='lat' dir='ltr'>satis</span> <span class='ocrx_word' id='word_1_80' title='bbox 1375 1237 1544 1301; x_wconf 88' lang='lat' dir='ltr'>liquet,</span> <span class='ocrx_word' id='word_1_81' title='bbox 1579 1238 1796 1291; x_wconf 87' lang='lat' dir='ltr'>homines</span> <span class='ocrx_word' id='word_1_82' title='bbox 1823 1259 1925 1299; x_wconf 79' lang='lat' dir='ltr'>non</span> 
     </span>
     <span class='ocr_line' id='line_1_11' title="bbox 92 1330 1922 1404; baseline 0.005 -23"><span class='ocrx_word' id='word_1_83' title='bbox 92 1330 239 1382; x_wconf 88' lang='lat' dir='ltr'>indies</span> <span class='ocrx_word' id='word_1_84' title='bbox 269 1331 387 1383; x_wconf 81' lang='lat' dir='ltr'>nasci</span> <span class='ocrx_word' id='word_1_85' title='bbox 413 1333 677 1398; x_wconf 83' lang='lat' dir='ltr'>pufilliores.</span> <span class='ocrx_word' id='word_1_86' title='bbox 746 1333 1067 1383; x_wconf 87' lang='lat' dir='ltr'>Vetustiffimis</span> <span class='ocrx_word' id='word_1_87' title='bbox 1089 1351 1282 1400; x_wconf 89' lang='lat' dir='ltr'>quoque</span> <span class='ocrx_word' id='word_1_88' title='bbox 1304 1336 1624 1399; x_wconf 82' lang='lat' dir='ltr'>temporibuS,</span> <span class='ocrx_word' id='word_1_89' title='bbox 1660 1339 1922 1404; x_wconf 88' lang='lat' dir='ltr'>primisque</span> 
     </span>
     <span class='ocr_line' id='line_1_12' title="bbox 93 1414 1925 1508; baseline 0.005 -30"><span class='ocrx_word' id='word_1_90' title='bbox 93 1429 240 1479; x_wconf 82' lang='lat' dir='ltr'>statim</span> <span class='ocrx_word' id='word_1_91' title='bbox 271 1429 375 1495; x_wconf 91' lang='lat' dir='ltr'>post</span> <span class='ocrx_word' id='word_1_92' title='bbox 413 1429 644 1480; x_wconf 87' lang='lat' dir='ltr'>diluvium</span> <span class='ocrx_word' id='word_1_93' title='bbox 675 1431 859 1490; x_wconf 86' lang='lat' dir='ltr'>seculis,</span> <span class='ocrx_word' id='word_1_94' title='bbox 893 1432 1144 1481; x_wconf 83' lang='lat' dir='ltr'>maximam</span> <span class='ocrx_word' id='word_1_95' title='bbox 1173 1432 1296 1482; x_wconf 86' lang='lat' dir='ltr'>illam</span> <span class='ocrx_word' id='word_1_96' title='bbox 1334 1431 1552 1483; x_wconf 84' lang='lat' dir='ltr'>saxorum</span> <span class='ocrx_word' id='word_1_97' title='bbox 1580 1414 1761 1508; x_wconf 27' lang='lat' dir='ltr'>’struem</span> <span class='ocrx_word' id='word_1_98' title='bbox 1793 1436 1925 1488; x_wconf 81' lang='lat' dir='ltr'>fuiffe</span> 
     </span>
     <span class='ocr_line' id='line_1_13' title="bbox 94 1523 804 1595; baseline -0.001 -18"><span class='ocrx_word' id='word_1_99' title='bbox 94 1527 358 1595; x_wconf 89' lang='lat' dir='ltr'>congestam</span> <span class='ocrx_word' id='word_1_100' title='bbox 391 1542 572 1578; x_wconf 90' lang='lat' dir='ltr'>certum</span> <span class='ocrx_word' id='word_1_101' title='bbox 601 1528 678 1578; x_wconf 89' lang='lat' dir='ltr'>est.</span> <span class='ocrx_word' id='word_1_102' title='bbox 801 1523 804 1526; x_wconf 69' lang='grc'><strong>’</strong></span> 
     </span>
    </p>

    <p class='ocr_par' dir='ltr' id='par_1_8' title="bbox 90 1625 1925 1888">
     <span class='ocr_line' id='line_1_14' title="bbox 221 1625 1925 1699; baseline 0.005 -26"><span class='ocrx_word' id='word_1_103' title='bbox 221 1627 282 1673; x_wconf 87' lang='lat' dir='ltr'>V.</span> <span class='ocrx_word' id='word_1_104' title='bbox 346 1625 543 1676; x_wconf 86' lang='lat' dir='ltr'>Iustinus</span> <span class='ocrx_word' id='word_1_105' title='bbox 565 1627 664 1675; x_wconf 89' lang='lat' dir='ltr'>Lib.</span> <span class='ocrx_word' id='word_1_106' title='bbox 686 1633 760 1689; x_wconf 82' lang='lat'>36.</span> <span class='ocrx_word' id='word_1_107' title='bbox 785 1643 883 1692; x_wconf 87' lang='lat' dir='ltr'>cap.</span> <span class='ocrx_word' id='word_1_108' title='bbox 907 1646 949 1678; x_wconf 91' lang='lat'>2.</span> <span class='ocrx_word' id='word_1_109' title='bbox 972 1626 1162 1677; x_wconf 86' lang='lat' dir='ltr'>absurde</span> <span class='ocrx_word' id='word_1_110' title='bbox 1174 1627 1490 1678; x_wconf 78' lang='lat' dir='ltr'>Abrahamum</span> <span class='ocrx_word' id='word_1_111' title='bbox 1514 1630 1676 1699; x_wconf 81' lang='lat' dir='ltr'>Regem</span> <span class='ocrx_word' id='word_1_112' title='bbox 1708 1633 1925 1697; x_wconf 65' lang='lat' dir='ltr'>Damasci</span> 
     </span>
     <span class='ocr_line' id='line_1_15' title="bbox 92 1705 1924 1792; baseline 0.004 -19"><span class='ocrx_word' id='word_1_113' title='bbox 92 1736 262 1785; x_wconf 85' lang='lat' dir='ltr'>vocat3</span> <span class='ocrx_word' id='word_1_114' title='bbox 307 1736 352 1772; x_wconf 92' lang='lat' dir='ltr'>et</span> <span class='ocrx_word' id='word_1_115' title='bbox 392 1725 487 1773; x_wconf 80' lang='lat' dir='ltr'>aliis</span> <span class='ocrx_word' id='word_1_116' title='bbox 526 1739 717 1789; x_wconf 84' lang='lat' dir='ltr'>quoque</span> <span class='ocrx_word' id='word_1_117' title='bbox 750 1705 900 1774; x_wconf 70' lang='lat' dir='ltr'>relatis</span> <span class='ocrx_word' id='word_1_118' title='bbox 938 1723 1063 1774; x_wconf 87' lang='lat' dir='ltr'>suam</span> <span class='ocrx_word' id='word_1_119' title='bbox 1104 1726 1151 1774; x_wconf 90' lang='lat' dir='ltr'>in</span> <span class='ocrx_word' id='word_1_120' title='bbox 1192 1725 1389 1776; x_wconf 87' lang='lat' dir='ltr'>Iudaicis</span> <span class='ocrx_word' id='word_1_121' title='bbox 1431 1727 1571 1779; x_wconf 87' lang='lat' dir='ltr'>rebus</span> <span class='ocrx_word' id='word_1_122' title='bbox 1609 1730 1924 1792; x_wconf 82' lang='lat' dir='ltr'>ignorantiam</span> 
     </span>
     <span class='ocr_line' id='line_1_16' title="bbox 90 1821 263 1888; baseline 0.017 -18"><span class='ocrx_word' id='word_1_123' title='bbox 90 1821 263 1888; x_wconf 85' lang='lat' dir='ltr'>prodit.</span> 
     </span>
    </p>

    <p class='ocr_par' dir='ltr' id='par_1_9' title="bbox 89 1917 1915 2666">
     <span class='ocr_line' id='line_1_17' title="bbox 221 1917 1915 1990; baseline 0.006 -22"><span class='ocrx_word' id='word_1_124' title='bbox 221 1921 306 1970; x_wconf 90' lang='lat' dir='ltr'>VI.</span> <span class='ocrx_word' id='word_1_125' title='bbox 373 1917 577 1969; x_wconf 84' lang='lat' dir='ltr'>Historia</span> <span class='ocrx_word' id='word_1_126' title='bbox 611 1919 870 1984; x_wconf 78' lang='lat' dir='ltr'>Pastorum,</span> <span class='ocrx_word' id='word_1_127' title='bbox 896 1921 978 1986; x_wconf 89' lang='lat' dir='ltr'>qui</span> <span class='ocrx_word' id='word_1_128' title='bbox 1008 1921 1278 1988; x_wconf 82' lang='lat' dir='ltr'>AEgyptum</span> <span class='ocrx_word' id='word_1_129' title='bbox 1306 1921 1419 1971; x_wconf 91' lang='lat' dir='ltr'>olim</span> <span class='ocrx_word' id='word_1_130' title='bbox 1455 1922 1646 1973; x_wconf 73' lang='lat' dir='ltr'>tenuisse</span> <span class='ocrx_word' id='word_1_131' title='bbox 1677 1924 1915 1990; x_wconf 84' lang='lat' dir='ltr'>dicuntur,</span> 
     </span>
     <span class='ocr_line' id='line_1_18' title="bbox 89 2015 1914 2086; baseline 0.006 -21"><span class='ocrx_word' id='word_1_132' title='bbox 89 2015 400 2066; x_wconf 80' lang='lat' dir='ltr'>diversimode</span> <span class='ocrx_word' id='word_1_133' title='bbox 429 2018 483 2065; x_wconf 87' lang='lat' dir='ltr'>ab</span> <span class='ocrx_word' id='word_1_134' title='bbox 510 2016 714 2066; x_wconf 82' lang='lat' dir='ltr'>Eruditis</span> <span class='ocrx_word' id='word_1_135' title='bbox 748 2021 990 2068; x_wconf 80' lang='lat' dir='ltr'>excutitur.</span> <span class='ocrx_word' id='word_1_136' title='bbox 1060 2018 1256 2086; x_wconf 69' lang='lat' dir='ltr'>Iostphus</span> <span class='ocrx_word' id='word_1_137' title='bbox 1291 2034 1451 2069; x_wconf 87' lang='lat' dir='ltr'>contra</span> <span class='ocrx_word' id='word_1_138' title='bbox 1483 2021 1721 2085; x_wconf 87' lang='lat' dir='ltr'>Apionem</span> <span class='ocrx_word' id='word_1_139' title='bbox 1749 2025 1848 2074; x_wconf 87' lang='lat' dir='ltr'>Lib.</span> <span class='ocrx_word' id='word_1_140' title='bbox 1875 2044 1914 2076; x_wconf 86' lang='lat'>1.</span> 
     </span>
     <span class='ocr_line' id='line_1_19' title="bbox 90 2113 1912 2188; baseline 0.002 -25"><span class='ocrx_word' id='word_1_141' title='bbox 90 2114 376 2171; x_wconf 77' lang='lat' dir='ltr'>existimavit,</span> <span class='ocrx_word' id='word_1_142' title='bbox 411 2113 540 2162; x_wconf 82' lang='lat' dir='ltr'>fuiffe</span> <span class='ocrx_word' id='word_1_143' title='bbox 568 2114 690 2178; x_wconf 80' lang='lat' dir='ltr'>ipsos</span> <span class='ocrx_word' id='word_1_144' title='bbox 715 2117 931 2166; x_wconf 69' lang='lat' dir='ltr'>Israelitas</span> <span class='ocrx_word' id='word_1_145' title='bbox 962 2118 1009 2165; x_wconf 88' lang='lat' dir='ltr'>in</span> <span class='ocrx_word' id='word_1_146' title='bbox 1039 2116 1257 2183; x_wconf 81' lang='lat' dir='ltr'>AEgypto</span> <span class='ocrx_word' id='word_1_147' title='bbox 1289 2128 1496 2183; x_wconf 62' lang='lat' dir='ltr'>agentes?</span> <span class='ocrx_word' id='word_1_148' title='bbox 1560 2118 1768 2188; x_wconf 78' lang='lat' dir='ltr'>Scaliger,</span> <span class='ocrx_word' id='word_1_149' title='bbox 1801 2122 1912 2186; x_wconf 79' lang='lat' dir='ltr'>Uffi-</span> 
     </span>
     <span class='ocr_line' id='line_1_20' title="bbox 91 2210 1914 2287; baseline 0.006 -27"><span class='ocrx_word' id='word_1_150' title='bbox 91 2213 198 2270; x_wconf 82' lang='lat' dir='ltr'>rius,</span> <span class='ocrx_word' id='word_1_151' title='bbox 221 2210 524 2270; x_wconf 73' lang='lat' dir='ltr'>Marshamus,</span> <span class='ocrx_word' id='word_1_152' title='bbox 559 2211 755 2262; x_wconf 69' lang='lat' dir='ltr'>Clericus</span> <span class='ocrx_word' id='word_1_153' title='bbox 784 2212 1143 2285; x_wconf 20' lang='lat' dir='ltr'>diversos-plane</span> <span class='ocrx_word' id='word_1_154' title='bbox 1178 2215 1232 2264; x_wconf 84' lang='lat' dir='ltr'>ab</span> <span class='ocrx_word' id='word_1_155' title='bbox 1255 2215 1463 2264; x_wconf 75' lang='lat' dir='ltr'>Israelitis</span> <span class='ocrx_word' id='word_1_156' title='bbox 1487 2215 1613 2265; x_wconf 77' lang='lat' dir='ltr'>fuisse</span> <span class='ocrx_word' id='word_1_157' title='bbox 1646 2233 1816 2287; x_wconf 38' lang='lat' dir='ltr'>contra,</span> <span class='ocrx_word' id='word_1_158' title='bbox 1836 2223 1914 2271; x_wconf 88' lang='lat' dir='ltr'>Io-</span> 
     </span>
     <span class='ocr_line' id='line_1_21' title="bbox 90 2309 1914 2377; baseline 0.006 -19"><span class='ocrx_word' id='word_1_159' title='bbox 90 2309 281 2376; x_wconf 68' lang='lat' dir='ltr'>sephum</span> <span class='ocrx_word' id='word_1_160' title='bbox 316 2309 527 2358; x_wconf 88' lang='lat' dir='ltr'>statuunt.</span> <span class='ocrx_word' id='word_1_161' title='bbox 595 2312 777 2359; x_wconf 88' lang='lat' dir='ltr'>Verum</span> <span class='ocrx_word' id='word_1_162' title='bbox 810 2311 992 2377; x_wconf 79' lang='lat' dir='ltr'>Iosephi</span> <span class='ocrx_word' id='word_1_163' title='bbox 1020 2311 1310 2372; x_wconf 81' lang='lat' dir='ltr'>sententiam,</span> <span class='ocrx_word' id='word_1_164' title='bbox 1347 2313 1773 2365; x_wconf 80' lang='lat' dir='ltr'>contradicentibus</span> <span class='ocrx_word' id='word_1_165' title='bbox 1808 2318 1914 2369; x_wconf 84' lang='lat' dir='ltr'>licet</span> 
     </span>
     <span class='ocr_line' id='line_1_22' title="bbox 90 2382 1910 2474; baseline 0.004 -17"><span class='ocrx_word' id='word_1_166' title='bbox 90 2382 159 2457; x_wconf 77' lang='lat' dir='ltr'>tot</span> <span class='ocrx_word' id='word_1_167' title='bbox 196 2406 323 2456; x_wconf 79' lang='lat' dir='ltr'>Viris</span> <span class='ocrx_word' id='word_1_168' title='bbox 355 2387 625 2465; x_wconf 78' lang='lat' dir='ltr'>illustribus,</span> <span class='ocrx_word' id='word_1_169' title='bbox 666 2409 846 2472; x_wconf 86' lang='lat' dir='ltr'>optime</span> <span class='ocrx_word' id='word_1_170' title='bbox 877 2409 1065 2471; x_wconf 84' lang='lat' dir='ltr'>defendi</span> <span class='ocrx_word' id='word_1_171' title='bbox 1092 2409 1220 2474; x_wconf 79' lang='lat' dir='ltr'>posse</span> <span class='ocrx_word' id='word_1_172' title='bbox 1252 2411 1523 2472; x_wconf 86' lang='lat' dir='ltr'>credimus;</span> <span class='ocrx_word' id='word_1_173' title='bbox 1555 2413 1653 2461; x_wconf 90' lang='lat' dir='ltr'>imo</span> <span class='ocrx_word' id='word_1_174' title='bbox 1687 2416 1910 2466; x_wconf 84' lang='lat' dir='ltr'>omnibus</span> 
     </span>
     <span class='ocr_line' id='line_1_23' title="bbox 91 2504 1913 2568; baseline 0.006 -16"><span class='ocrx_word' id='word_1_175' title='bbox 91 2504 452 2560; x_wconf 75' lang='lat' dir='ltr'>circumstantii8‚</span> <span class='ocrx_word' id='word_1_176' title='bbox 487 2509 592 2567; x_wconf 77' lang='lat' dir='ltr'>q&#39;uae</span> <span class='ocrx_word' id='word_1_177' title='bbox 616 2505 811 2568; x_wconf 81' lang='lat' dir='ltr'>quidem</span> <span class='ocrx_word' id='word_1_178' title='bbox 838 2505 1066 2557; x_wconf 87' lang='lat' dir='ltr'>summam</span> <span class='ocrx_word' id='word_1_179' title='bbox 1086 2506 1288 2559; x_wconf 80' lang='lat' dir='ltr'>historiae</span> <span class='ocrx_word' id='word_1_180' title='bbox 1315 2508 1586 2568; x_wconf 76' lang='lat' dir='ltr'>conficiunt,</span> <span class='ocrx_word' id='word_1_181' title='bbox 1615 2526 1714 2559; x_wconf 86' lang='lat' dir='ltr'>eam</span> <span class='ocrx_word' id='word_1_182' title='bbox 1737 2510 1913 2563; x_wconf 75' lang='lat' dir='ltr'>firmari</span> 
     </span>
     <span class='ocr_line' id='line_1_24' title="bbox 89 2599 652 2666; baseline -0.002 -14"><span class='ocrx_word' id='word_1_183' title='bbox 89 2600 379 2666; x_wconf 70' lang='lat' dir='ltr'>⁸confidenter</span> <span class='ocrx_word' id='word_1_184' title='bbox 406 2599 652 2654; x_wconf 76' lang='lat' dir='ltr'>afferimus.</span> 
     </span>
    </p>
   </div>
   <div class='ocr_carea' id='block_1_7' title="bbox 1805 2708 1907 2758">
    <p class='ocr_par' dir='ltr' id='par_1_10' title="bbox 1805 2708 1907 2758">
     <span class='ocr_line' id='line_1_25' title="bbox 1805 2708 1907 2758; baseline 0 -2"><span class='ocrx_word' id='word_1_185' title='bbox 1805 2708 1907 2758; x_wconf 75' lang='lat' dir='ltr'>VII..</span> 
     </span>
    </p>
   </div>
  </div>
 </body>
</html>
