2618 3485
710 350 780 405 28
1311 336 1940 413 QXOXJQ*

705 459 926 525 producti
965 458 1262 520 videbantur3
1314 459 1384 506 illa
1407 493 1419 516 ,
1466 461 1511 506 in
1553 459 1685 508 cuius
1719 460 1924 524 Imperio
1955 456 2017 507 sol
2051 475 2290 525 nunquam
2322 458 2546 512 occidiss'e

699 553 975 614 ¹iactabatur,
1013 556 1304 606 formidanda
1336 556 1522 606 Familia
1554 555 1677 605 suam
1711 559 1851 621 Stirpi
1882 558 2015 606 Tuae
2046 559 2243 624 gloriam
2275 559 2539 624 amplitudi-

701 672 906 719 nemque
928 656 1111 720 imperii
1135 656 1278 705 cedit:
1316 670 1360 704 et
1388 672 1498 703 eum
1521 656 1590 703 illa
1620 657 1733 704 olim
1765 657 1812 703 in
1842 654 2147 720 Hispanicum
2173 658 2539 707 Germanicum*

700 770 794 819 que
834 770 990 803 ramos
1012 787 1025 812 2
1070 768 1222 802 totum
1255 754 1350 802 fere
1381 754 1546 802 orbem
1594 753 1984 811 obumbraturos,
2033 753 2202 803 abiisset
2213 773 2229 815 ,-
2266 772 2390 804 nunc
2424 772 2542 804 con-

700 851 833 901 verso
868 852 1072 901 strorum
1103 852 1270 901 ordine
1305 853 1574 914 Borbonios
1604 854 1651 900 in
1681 853 1720 900 F
1724 853 1952 900 rancicam
1984 850 2376 918 Hispanicamque
2407 853 2541 903 Gen-

700 965 796 1000 tem
819 951 988 1001 diuists
1012 951 1278 1000 admiratur.
1346 951 1426 1000 Tu
1451 967 1566 1000 vero
1594 950 1708 999 dum
1735 967 1864 999 nouo
1899 952 2187 1014 arctioreque
2218 953 2308 1000 iam
2348 952 2542 1000 vinculo

697 1065 944 1114 Vtramque
1002 1051 1279 1116 coniungis,
1331 1048 1558 1114 perfecisti
1607 1049 1769 1097 diuino
1823 1047 2154 1098 RECTORts
2193 1050 2311 1098 TVI
2348 1048 2538 1097 consilio

695 1164 924 1214 magnum
949 1147 1060 1195 illud
1097 1147 1496 1197 LVDOVICI
1535 1148 1702 1213 Magni
1722 1162 1870 1211 opus3
1908 1161 2045 1210 atque
2076 1145 2192 1196 adeo
2227 1147 2298 1196 vel
2326 1147 2418 1196 hoc
2452 1146 2540 1197 do·

694 1259 920 1296 cumeneo
938 1279 953 1304 ,
987 1244 1101 1308 quid
1124 1249 1182 1292 de
1207 1245 1307 1303 Te,
1343 1245 1459 1294 tanti
1486 1245 1656 1294 Proaui
1689 1259 1816 1295 tanto
1847 1243 2098 1293 successore
2109 1279 2122 1304 ,
2159 1244 2436 1310 sperandum
2469 1245 2538 1304 fir,

693 1344 903 1395 adoranti
938 1345 1014 1392 Te
1050 1344 1226 1392 Galliae
1256 1348 1382 1392 Tuae
1423 1343 1725 1394 demonstras.
1825 1343 2013 1409 Qiodli
2044 1361 2171 1392 nunc
2215 1344 2422 1408 pertinax
2463 1344 2536 1392 iile

691 1444 940 1493 Gallorum
974 1442 1180 1490 aemulus
1200 1473 1214 1499 ,
1246 1441 1570 1505 maximusque
1593 1441 1853 1490 Austriacae
1876 1442 2107 1506 potentiae
2134 1456 2410 1507 promotor,
2441 1441 2534 1492 Ca·-

691 1542 823 1590 rolus
848 1540 1059 1607 Qintus
1082 1556 1140 1587 ex
1176 1540 1374 1588 mortuis
1415 1540 1461 1586 in
1486 1539 1718 1603 publicam
1750 1539 1869 1587 hanc
1901 1540 2160 1588 viuentium
2182 1528 2348 1588 'lucem
2373 1539 2535 1605 prodi-

688 1653 785 1698 ret,
826 1637 1109 1698 Auditores3
1154 1637 1187 1686 fi
1218 1636 1437 1686 conuersa
1472 1638 1669 1686 recentis
1708 1630 1848 1686 huius
1880 1637 2018 1686 seculi
2049 1636 2135 1686 fata
2168 1640 2453 1699 intueretur3
2499 1638 2533 1689 fi

688 1738 1020 1787 imminentem
1055 1736 1148 1784 fere
1172 1736 1320 1801 stirpis
1343 1735 1442 1785 suae
1462 1736 1701 1784 interitum
1723 1735 1926 1798 videret3
1954 1736 1985 1784 fi
2007 1753 2201 1784 omnem
2237 1737 2357 1786 illam
2393 1753 2532 1787 aeter-

687 1853 806 1886 num
845 1835 1054 1883 duraturi
1089 1835 1278 1899 generis
1316 1833 1605 1895 felicitatem,
1634 1850 1830 1883 omnem
1864 1835 1986 1882 illam
2029 1850 2187 1882 rerum
2217 1835 2532 1901 gerendarum

686 1932 1042 1998 amplit.=dinem
1074 1933 1122 1981 in
1159 1932 1427 1990 Borbonios
1459 1932 1728 1983 deuolutam
1762 1931 1850 1981 effe
1885 1933 2184 1999 intelligeret,
2218 1933 2529 2000 indignabun-

687 2031 777 2081 dus
801 2031 858 2080 ad
881 2031 1068 2080 vmbras
1092 2029 1189 2080 suas
1221 2030 1452 2080 redssturus
1486 2030 1606 2081 effer.
1675 2030 1928 2086 Caeterum
1960 2031 2072 2080 haec
2102 2030 2192 2096 ipsa
2221 2046 2312 2079 tam
2342 2033 2428 2081 late
2448 2023 2530 2082 eii-

685 2130 890 2180 creseens
914 2130 1088 2179 Galliae
1124 2123 1404 2195 magnitudo
1432 2132 1500 2178 vti
1537 2129 1676 2194 ipsius
1709 2128 1938 2178 vastiffimi
1962 2130 2115 2194 Regni
2147 2131 2432 2194 potentiam,
2464 2133 2525 2183 ita

554 2266 557 2269 .
626 2277 631 2282 ,
684 2229 834 2292 ipsum
869 2243 1063 2290 quoque
1102 2226 1311 2275 eiusdem
1345 2225 1637 2290 splendorem
1668 2242 1810 2290 quam
1843 2227 2044 2275 maxime
2075 2229 2330 2292 promouit.
2397 2229 2526 2293 Quid

683 2325 754 2374 illa
784 2326 898 2373 olim
931 2323 1183 2373 Alexandri
1209 2323 1265 2373 ad
1287 2338 1542 2374 extremam
1569 2341 1720 2389 vsque
1746 2324 1925 2375 Indiam
1947 2324 2151 2374 latiffime
2171 2327 2340 2375 victrix
2360 2328 2525 2393 gloria,

682 2422 799 2488 quid
833 2421 1136 2471 formidabilis
1173 2423 1242 2471 illa
1279 2423 1602 2472 Macedonum
1639 2424 1908 2474 Monarchia
1954 2425 2034 2490 ipsi
2068 2424 2327 2474 eorundem
2352 2427 2524 2493 Regno

683 2522 958 2584 ciuibusque
990 2523 1251 2571 ornamenti
1289 2522 1590 2574 conciliauit?
1630 2503 1824 2572 Audiuit
1845 2523 1987 2589 Regis
2020 2521 2086 2595 sui
2121 2525 2337 2573 victorias
2361 2525 2524 2575 Mace-

682 2618 848 2678 donia,
880 2618 956 2667 [ed
979 2619 1140 2685 reipsa
1163 2619 1436 2691 non-senlit3
1470 2621 1617 2672 felicia
1641 2620 1954 2672 remotissimis
1988 2624 2120 2673 terris
2140 2622 2260 2693 ‘bella
2285 2625 2521 2697 gerebam)

2427 2735 2516 2782 tur,
