2618 3485
715 336 786 390 60
1317 322 1942 403 'QMOXss

713 451 829 501 dens
856 463 901 500 et
920 448 1089 500 excelsa
1119 448 1258 500 turris
1277 482 1291 509 ,
1327 466 1378 499 ac
1402 451 1583 499 sublimi
1614 449 1696 498 suo
1727 449 1969 515 splendore
1997 465 2117 499 noua
2144 449 2361 516 gentibus
2383 449 2554 500 lactan>

709 551 759 599 di
793 564 1066 617 argumenta
1101 550 1409 598 annunciauit.
1479 550 1557 599 Ille
1579 564 1862 615 purpuratus
1894 550 1940 596 in
1966 549 2143 597 amabili
2168 548 2402 597 Pieridum
2436 565 2551 597 con-

710 649 852 698 sortio
877 649 1114 707 Phoebus,
1153 667 1235 714 per
1259 644 1572 698 amoeniffima
1602 645 1795 697 Parnalll
1826 650 1956 714 iuga,
1991 648 2109 695 inter
2145 647 2320 710 plausus
2350 661 2395 695 et
2417 646 2554 695 iubila

709 749 1089 807 acclamantium,
1119 748 1306 797 festiuos
1336 749 1456 814 Regi
1487 747 1696 813 hymnos
1722 763 1885 794 canere
1909 760 1954 794 et
1982 761 2103 793 noua
2127 746 2300 794 Galliae
2329 743 2556 794 destinare

709 861 923 912 tempora
947 847 1204 896 videbatur.
1275 853 1318 896 O
1352 845 1458 894 felix
1485 860 1530 894 et
1555 861 1658 894 toto
1682 847 1761 892 vix
1791 843 1941 893 seculo
1975 842 2122 892 visum
2149 844 2195 891 in
2219 844 2365 893 Gallia
2387 842 2554 908 specta*-

709 946 897 999 culum!
937 946 987 996 O
1013 946 1313 995 inuidendam
1357 946 1642 1012 Argentinae
1681 943 1970 998 felicitatem!
2005 959 2121 1007 quae
2164 956 2293 991 tanto
2326 941 2552 1007 spectacu-

707 1046 755 1094 lo
780 1047 1049 1111 praebuerat
1085 1045 1317 1094 theatrum
1337 1078 1350 1102 ,
1386 1060 1504 1117 quae
1527 1057 1756 1092 tantarum
1783 1059 1939 1090 rerum
1968 1041 2176 1106 praesens
2200 1054 2243 1089 et
2265 1041 2554 1089 venerabun-

709 1144 766 1193 da
788 1143 910 1193 testis
941 1156 1062 1198 erat‚·
1094 1159 1211 1206 quae
1243 1157 1336 1191 tam
1370 1141 1591 1191 solennis,
1629 1157 1722 1191 tam
1758 1141 1973 1207 augustae
2007 1141 2298 1190 ceremonie
2333 1155 2557 1206 peragen-

707 1243 792 1293 dae
824 1241 1042 1291 destinata
1072 1240 1157 1290 fuit
1183 1239 1453 1302 sacrarium3
1482 1258 1599 1305 quae
1633 1240 1768 1290 instar
1806 1240 2012 1289 coelestis
2049 1239 2289 1289 cuiusdam
2329 1238 2554 1311 domicilii

707 1356 780 1392 tot
811 1342 958 1391 Sacris
996 1340 1291 1390 Numinibus
1323 1339 1517 1405 hospitia
1550 1340 1723 1405 pandit.
1821 1340 2014 1390 Diceres
2062 1339 2378 1387 Homericum
2425 1337 2555 1384 illum

705 1442 924 1492 Deorum
947 1441 993 1487 in
1017 1438 1239 1503 Olympo
1260 1436 1518 1486 consessum
1553 1439 1718 1486 nostris
1745 1438 2032 1503 Argentinae
2053 1436 2439 1500 repraesentatum
2467 1432 2556 1482 ess'e

706 1537 1015 1603 temporibus.
1085 1537 1277 1586 Diceres
1308 1536 1401 1585 illas
1436 1550 1527 1585 tam
1557 1536 1816 1586 decantatas
1841 1537 1961 1585 Pelei
1990 1552 2101 1584 cum
2128 1535 2335 1584 Thetide
2356 1536 2555 1600 nuptias,

706 1650 778 1688 tot
799 1640 1017 1686 Deorum
1046 1635 1349 1699 Dearumque
1385 1633 1630 1700 praesentia
1663 1634 1877 1693 illustres,
1915 1633 2075 1682 nostro
2099 1634 2286 1683 tandem
2309 1634 2554 1684 celebratas

707 1735 793 1786 effe
829 1734 995 1791 seculo.
1064 1733 1140 1782 Te
1177 1733 1369 1796 quidem
1413 1735 1462 1781 in
1498 1734 1676 1782 sublimi
1711 1734 1819 1782 Tua
1865 1732 2113 1781 Maiestatis
2144 1749 2273 1791 arce,
2323 1747 2417 1781 tam
2465 1733 2555 1780 rari

706 1833 950 1901 spectaculi
984 1833 1268 1890 Auctorem,
1308 1832 1490 1881 nonnisi
1528 1849 1553 1880 e
1588 1832 1854 1897 longinquo
1885 1832 2092 1880 venerari
2120 1829 2279 1879 datum
2304 1845 2423 1889 erat,
2459 1830 2554 1879 Ex-

706 1932 820 1981 celse
851 1930 1136 1988 Monarcha,
1168 1932 1350 1980 Sacrate
1388 1930 1819 1981 LVDOVICE.
1887 1930 2000 1979 Tibi
2032 1947 2057 1978 e
2092 1931 2286 1979 remotis
2324 1928 2554 1979 vassiffimi

707 2032 805 2081 Tui
839 2031 994 2097 Regni
1028 2028 1243 2078 confiniis
1271 2029 1480 2078 exultans
1519 2029 1737 2095 applausit
1767 2029 2014 2078 feliciffima
2041 2027 2227 2078 Alsatiae
2252 2029 2553 2093 Metropolis,

708 2144 778 2181 tot
809 2128 1057 2178 illustribus
1100 2128 1397 2193 benignitatis
1445 2130 1570 2176 Tuae
1611 2128 1909 2176 documentis
1946 2127 2216 2178 collustrata.
2312 2126 2403 2175 Sed
2443 2143 2554 2175 con-

709 2227 892 2284 ceffisti,
932 2231 1026 2274 Rex
1062 2225 1290 2281 Maxime,
1327 2238 1378 2273 vt
1410 2241 1521 2282 nos,
1556 2224 1835 2273 deuotiffimi
1868 2225 1981 2274 Tibi
2013 2226 2187 2273 ciuium
2211 2225 2466 2283 Tmrum,
2501 2225 2552 2273 il-

708 2327 806 2375 lum
833 2340 932 2389 quo
970 2324 1016 2370 in
1047 2322 1122 2371 Te
1146 2324 1353 2386 rapimur
1376 2323 1581 2382 cultum,
1617 2324 1739 2372 illam
1767 2341 1856 2388 qua
1883 2325 1929 2372 in
1953 2329 2019 2372 Te
2051 2327 2299 2390 flagi-amus
2321 2326 2553 2388 pietatem,

707 2441 864 2476 nouo,
897 2421 1027 2486 quod
1059 2421 1141 2469 Tu
1180 2421 1315 2470 nobis
1347 2420 1508 2469 dedisti
1529 2456 1541 2480 ,
1579 2423 1784 2484 Numini
1815 2423 2128 2484 defei⁴remus;
2163 2438 2299 2487 atque
2335 2422 2450 2471 adeo
2475 2422 2551 2470 Te
2610 2425 2613 2470 l

707 2526 875 2575 IOUem
918 2523 1148 2571 Statorem
1191 2520 1240 2568 in
1275 2519 1484 2586 Augusta
1515 2521 1621 2568 Tua
1661 2521 1960 2570 adoraremus
1992 2523 2185 2571 Iunone.
2253 2522 2385 2571 Salue
2416 2537 2548 2588 ergo,

709 2620 981 2671 Sarmaticae
1015 2619 1184 2669 Gentis
1227 2618 1493 2677 Delicium,
1551 2620 1701 2670 Noua
1731 2620 2026 2670 Francorum
2067 2621 2246 2687 Regina
2272 2654 2285 2679 ,
2341 2619 2552 2685 Augusta
2610 2610 2613 2658 ’ἕ

2319 2720 2550 2771 MARIA.
