2626 3490
753 323 863 405 Q
942 326 1151 404 ><0>
1235 325 1344 403 ss
1821 348 1973 397 xxxv

129 453 409 519 Viennam,
445 454 945 511 IMPERATORIS
979 454 1156 511 sedem
1199 473 1249 510 et
1277 455 1586 514 Germaniae
1627 462 1966 536 metropolin,

125 590 258 642 circa
283 581 533 639 calendas
562 579 850 652 Qinctiles
873 583 1060 655 attigit.
1147 581 1276 639 Vsus
1303 582 1388 637 hic
1415 583 1485 638 est
1510 587 1669 642 veteri
1698 585 1967 643 illustrissi-

127 713 198 768 mi
236 710 677 768 BARTENSTEINH
719 708 966 769 amicitia,
1007 725 1138 782 quae
1168 708 1232 763 ad
1266 707 1438 783 ipsum
1471 709 1846 772 CAROLVM
1880 715 1966 773 Vl.

126 835 510 911 Imperatorem
543 835 743 891 aditum
783 834 857 889 1111
905 839 1138 909 parauit,
1204 835 1509 910 excelsoque
1549 838 1732 903 ilium,
1778 841 1813 897 fi
1850 845 1969 918 quis

126 979 376 1038 vnquam,
406 961 522 1019 loco
567 962 946 1036 Imperatorem
973 963 1107 1018 inter
1137 979 1189 1017 et
1219 965 1610 1036 imperatoriam
1642 964 1883 1043 Domum
1912 990 1969 1027 ac

127 1087 396 1144 Familiam
433 1088 718 1145 collocauit.
798 1087 1068 1163 Qaefiuit
1111 1106 1173 1144 ex
1198 1089 1291 1146 1110
1328 1089 1494 1146 multa
1524 1090 1867 1153 CAROLVS
1903 1096 1968 1153 de

126 1213 528 1287 Habsburgicae
565 1213 756 1269 domus
787 1229 850 1268 ex
894 1212 1087 1278 ,Alsatia
1122 1231 1280 1277 ortu2·
1329 1215 1396 1270 de
1444 1215 1819 1304 Lotharingiae
1855 1222 1968 1279 Du-

125 1356 248 1395 cum
276 1356 327 1393 et
366 1337 862 1410 Habsburgensium
889 1337 1111 1404 Alsatiae
1133 1337 1602 1413 Landgrauiorum
1638 1344 1795 1418 stirpe
1818 1362 1966 1402 com-

127 1467 314 1527 muni,
353 1463 418 1520 de
459 1463 622 1518 veteri
647 1460 986 1519 Alemanniae
1015 1478 1068 1519 et
1093 1462 1390 1522 Alsatarum
1415 1463 1610 1524 ducatu
1630 1504 1645 1532 ,
1684 1467 1890 1546 lateque
1917 1486 1969 1530 et

1011 1605 1043 1645 E
1085 1609 1121 1653 2
1849 1615 1968 1655 esu-

127 1733 1308 1751 *———————n——————
1315 1740 1968 1759 —————-———

294 1821 376 1861 dex
413 1812 605 1865 Venetus
626 1853 638 1872 ‚
687 1823 868 1877 priorem
903 1824 1128 1880 Euangelii
1161 1832 1323 1880 partem
1367 1825 1471 1875 effe,
1507 1827 1772 1881 posteriorem
1811 1829 1969 1884 Pragae

293 1891 521 1938 adseruari,
554 1893 683 1933 multa
732 1895 898 1935 docebit
925 1895 1027 1944 alia,
1069 1886 1324 1937 curiosoriim
1356 1898 1399 1937 in
1435 1897 1515 1938 hoc
1555 1899 1780 1943 studiorum
1812 1915 1971 1956 genere

293 1960 501 2002 desideriis
528 1962 790 2003 satisfactura.
849 1965 1045 2004 Latinum
1073 1965 1154 2005 effe
1175 1967 1376 2006 Codicem
1402 1974 1444 2006 et
1479 1967 1627 2010 Seculo
1653 1971 1752 2014 VII.
1773 1972 1969 2026 scriptum

290 2031 510 2072 euidenter
553 2033 720 2073 euincet
742 2063 752 2081 ,
798 2033 977 2074 narrabit
1010 2042 1221 2088 praeterea
1257 2035 1452 2076 Carolum
1480 2037 1554 2080 IV.
1594 2040 1804 2081 ambitiosa
1839 2041 1969 2081 caeri-

289 2102 431 2141 monia
472 2110 515 2142 et
541 2103 610 2142 sub
639 2103 755 2155 pulsu
795 2116 1090 2156 campanarum
1121 2103 1219 2143 folia
1256 2104 1477 2158 posteriora
1521 2107 1747 2149 cathedrali
1785 2111 1968 2164 Pragen-

289 2170 395 2213 fium
439 2171 631 2212 ecclefiae
657 2171 909 2212 inferentem
938 2173 1273 2228 praedicabitque
1297 2174 1560 2228 Pragenfium
1594 2177 1804 2221 summum*
1835 2194 1968 2228 nuper

289 2241 520 2284 Praesulem
540 2274 551 2290 ,
580 2255 632 2282 ex
668 2242 1030 2285 Manderscheidiis
1067 2244 1322 2293 Comitibus,
1362 2246 1554 2299 ignorata
1582 2247 1655 2289 fibi
1695 2258 1895 2305 perpetuo
1924 2259 1966 2294 et

291 2314 485 2354 omnibus
513 2313 627 2360 folia,
663 2312 748 2367 post
790 2314 948 2368 aliquot
985 2314 1148 2363 secula,
1181 2330 1231 2356 ex
1263 2315 1389 2370 signis
1431 2331 1452 2357 a
1474 2317 1626 2360 Nostro
1666 2320 1799 2370 datis,
1829 2322 1968 2378 inqui·

290 2391 454 2425 rentem
485 2384 615 2425 ocuiis
598 2397 698 2438 que
724 2392 767 2424 et
788 2384 868 2425 suis
898 2392 939 2425 et
974 2385 1180 2434 aliorum,
1210 2387 1282 2440 qui
1321 2394 1411 2428 tum
1435 2387 1542 2429 forte
1573 2402 1667 2442 cum
1694 2390 1840 2434 Nostro
1868 2394 1966 2436 ade-

294 2461 407 2502 rant,
429 2455 740 2503 subiicientem,
771 2454 870 2495 folia
898 2455 1029 2496 oculis
1064 2456 1277 2523 omnium,
1310 2465 1351 2498 vt
1374 2465 1484 2506 ante,
1519 2459 1576 2500 ita
1611 2460 1719 2502 forte
1747 2463 1835 2518 post
1861 2464 1964 2506 illud

292 2530 457 2578 tempus
487 2525 722 2566 subducta·
742 2534 784 2566 er
817 2525 860 2566 id
892 2540 1027 2580 genus
1053 2527 1158 2577 alia3
1189 2527 1238 2568 ad
1270 2542 1378 2584 quae
1406 2530 1452 2569 b
1443 2529 1571 2571 naria
1607 2531 1772 2574 illorum
1807 2548 1964 2590 cogno-

293 2593 536 2635 scendorum
573 2603 615 2636 et
653 2595 1037 2650 degustandorum,
1068 2612 1172 2652 quos
1216 2598 1304 2639 fore
1344 2599 1544 2653 plurimos
1582 2615 1667 2643 non
1711 2603 1827 2646 dum
1814 2620 1963 2656 amus

294 2664 465 2717 cupidos
493 2664 731 2707 solemniter
760 2667 902 2721 vtique
935 2669 1163 2712 inuitamus
1204 2683 1363 2727 nosque
1397 2684 1474 2714 nos
1507 2672 1587 2715 illis
1623 2676 1963 2721 accumbentibus

292 2732 507 2779 iuncturos
534 2734 725 2779 lubentes
768 2736 1027 2792 spondemus.
