2503 3444
689 255 799 376 *Q
880 298 1320 375 ><ο><ς>εΞΒ
1846 324 1912 379 ss

83 426 153 479 vel
182 423 450 492 expreffisti‚
484 421 556 471 vel
575 421 744 473 Tuum
780 422 917 473 nobis
952 423 1133 484 Qcculta
1164 438 1259 474 arte
1289 425 1655 476 communicasti.
1721 427 1912 479 Tecum

79 525 382 584 laetabamur;
419 522 607 571 Tecum
636 520 943 587 lugebamu33
986 521 1174 570 Tecum
1213 522 1481 590 triumphos
1503 557 1518 582 ‚
1552 524 1739 575 Tecum
1774 526 1913 596 lugu.

80 625 180 674 bres
210 623 377 670 naenias
403 600 702 669 cant-animus.
770 621 929 684 Itaque
956 619 988 670 fi
1018 620 1064 669 in
1090 623 1317 686 perpetuo
1345 622 1554 672 Suetonii
1587 623 1743 690 elogio
1773 628 1911 690 poni·

55 735 176 778 tur,
210 719 340 784 quod
367 718 528 767 eadem
555 718 757 786 libertate
787 716 983 784 scripsit,
1015 734 1107 784 qua
1137 718 1338 769 Caesares
1368 719 1466 768 eius
1499 722 1731 779 vixerant3
1766 723 1922 793 longe„

75 817 366 870 excellentior
402 816 464 865 est
499 817 606 866 Tua
640 817 788 883 gloria
811 850 824 876 ,
859 817 942 882 qui
982 817 1145 867 eadem
1179 816 1506 883 magnitudine
1538 816 1743 885 scripsisti
1763 853 1777 880 ,
1817 839 1908 887 qua

75 915 341 968 Ludouicus
364 928 540 981 egerat:
591 928 636 964 et
658 913 688 963 fi
716 915 792 964 Te
821 916 970 966 maior
999 931 1098 964 non
1122 913 1339 980 potuisset
1361 914 1608 967 Ludouico
1629 919 1907 987 contingere

55 990 283 1074 ‘Oratorg
328 1018 426 1062 Tua
467 1028 658 1077 quoque
703 1011 918 1078 profecto
957 1013 1197 1079 singularis
1234 1012 1336 1063 haec
1376 1013 1462 1062 fuit
1501 1014 1725 1076 felicium,
1771 1020 1903 1085 quod

65 1113 334 1163 Maximum
366 1112 412 1160 in
444 1113 574 1160 terris
602 1112 818 1160 Heroem
840 1111 1122 1163 laudandum
1142 1113 1257 1162 Tibi
1281 1113 1499 1163 Maximo
1519 1113 1713 1164 Oratori
1745 1116 1901 1170 diuina

69 1210 282 1262 obtulerit
314 1208 618 1275 prouidentia.
672 1209 807 1279 Qid
833 1211 1010 1260 mirum
1029 1209 1062 1260 si
1080 1201 1274 1278 superba
1296 1209 1398 1260 haec
1421 1212 1665 1283 quondam
1691 1227 1736 1265 et
1764 1215 1901 1267 affue-

67 1322 108 1360 ta
142 1297 372 1357 miraculis
402 1309 523 1357 Tuis
559 1308 773 1358 cathedra
794 1342 807 1366 ,
843 1326 971 1358 nunc
1008 1309 1214 1359 Oratore
1247 1323 1376 1358 tanto
1412 1310 1588 1375 priuata
1610 1345 1623 1370 2
1659 1326 1704 1362 et
1731 1317 1900 1368 veteris

35 1455 42 1457 „
65 1406 152 1457 suae
172 1408 219 1455 in
241 1405 521 1455 celebrandis
535 1406 775 1455 Heroibus
795 1407 960 1472 gloriae
980 1406 1282 1456 sustentandae
1302 1408 1433 1456 anxia
1456 1407 1634 1458 horret.
1700 1412 1789 1460 Sed
1815 1413 1896 1463 Tu

63 1506 251 1570 quidem
275 1504 364 1553 istis
392 1504 732 1553 immortalibus
757 1504 949 1554 coelestis
972 1505 1201 1555 facundiae
1225 1520 1318 1554 tuae
1339 1507 1664 1556 monumentis
1686 1509 1778 1559 iam
1801 1512 1897 1577 pri-

60 1603 166 1654 dtm
196 1601 405 1660 effecisti,
441 1617 493 1651 ut
516 1606 614 1651 iure
637 1604 749 1652 Tibi
771 1604 1058 1662 accinamus,
1093 1603 1225 1668 quod
1251 1605 1417 1669 plenus
1440 1605 1555 1654 olim
1587 1605 1893 1660 admiratione

60 1701 232 1752 Herois
255 1702 319 1749 sui
340 1702 514 1749 Piinius
534 1702 809 1764 Imperatori
831 1702 1062 1760 Trai-ano,
1097 1719 1197 1750 rem
1218 1703 1482 1752 Romanam
1515 1704 1570 1753 ad
1606 1707 1894 1771 magnitudi-

58 1800 130 1849 nis
159 1799 387 1865 fastigium
419 1797 713 1863 perducenti,
748 1799 1036 1848 acclamauit:
1077 1800 1293 1850 Onerasti
1313 1800 1590 1852 successores
1623 1817 1741 1854 tuos.
1789 1807 1895 1855 Ne-

59 1913 149 1964 que
181 1914 296 1945 vero
330 1897 430 1945 haec
459 1899 615 1944 omnia
639 1930 652 1954 ,
686 1913 951 1961 quanquam
988 1899 1190 1948 maxima
1213 1933 1228 1957 ,
1267 1901 1367 1947 veri
1394 1902 1652 1965 magnique
1672 1902 1892 1955 Oratoris

59 1996 290 2060 exemplar
326 1995 530 2044 omnino
569 1993 852 2059 perficiunt,
887 1995 1154 2045 Auditores.
1257 1997 1563 2047 Honestatem
1609 2015 1802 2064 quoque
1841 2002 1890 2052 in

58 2095 176 2144 Viro
213 2092 293 2142 suo
337 2093 522 2142 dicendi
564 2094 716 2158 perito
753 2093 990 2156 requifiuit
1030 2094 1104 2143 ille
1136 2094 1306 2144 Romae
1338 2094 1580 2159 quondam
1623 2095 1714 2146 suae
1759 2099 1892 2151 Deus

47 2183 197 2253 ⁴Cat03
229 2205 275 2241 et
305 2208 415 2240 cum
449 2208 506 2241 eo
538 2204 634 2241 tota
666 2191 931 2240 Rhetorum
959 2192 1317 2257 Oratorumque
1352 2194 1659 2243 vetustiorum
1694 2210 1889 2249 caterua.

57 2287 115 2339 Et
135 2289 260 2339 hunc
289 2292 461 2339 Virum
482 2289 584 2339 sane
605 2290 802 2359 bonum,
834 2290 868 2339 fi
892 2292 998 2355 quis
1025 2307 1235 2356 unquam
1258 2291 1542 2351 mortalium,
1575 2310 1750 2361 magno
1769 2310 1886 2368 'cum

57 2387 271 2437 consensu
289 2374 534 2446 omnium,
569 2402 809 2453 quotquot
832 2404 941 2437 eum
963 2389 1160 2457 propius
1184 2391 1393 2440 venerari
1413 2405 1684 2456 potuerunt,
1720 2395 1887 2445 KVH-

57 2485 210 2536 NIVS
232 2483 409 2550 semper
429 2500 475 2536 et
496 2503 578 2552 per
598 2501 744 2536 totam
768 2488 912 2536 vitam
940 2488 1169 2552 expreffit.
1237 2489 1422 2540 Cuncta
1455 2491 1503 2537 in
1539 2489 1638 2555 ipso
1665 2490 1886 2557 simplicia

44 2592 103 2633 'et
126 2584 388 2635 intemerata
410 2584 466 2635 ad
499 2600 684 2636 morem
714 2586 948 2636 Maiorum
978 2598 1024 2635 et
1053 2586 1367 2638 innocentiam
1396 2587 1649 2652 composita
1663 2572 1693 2647 ‚V
1712 2589 1879 2640 redivi-

1770 2703 1886 2737 vum
