2503 3444
651 325 1270 406 ''QXOMss
1810 346 1875 388 11

46 450 247 516 tit-solus
285 451 392 502 esset
421 451 747 510 Germanicus,
783 451 847 500 in*
874 468 973 516 quo
1021 448 1275 516 praesertim
1319 449 1442 498 vires
1475 448 1573 500 suas
1606 449 1880 500 ostenderet.

45 540 307 616 Nnnquam
333 552 456 600 enim
485 551 673 617 grauior
697 549 864 608 hostis,
901 564 1143 613 nunquam
1174 547 1477 609 periculosior
1497 555 1640 612 quam
1658 547 1742 596 isto
1767 543 1880 596 tem-

46 665 160 716 pore
183 649 400 699 Romano
430 649 636 714 Imperio
668 648 917 697 imminuit.
986 647 1293 697 Germaniam
1330 645 1563 712 intelligO,
1599 645 1878 705 AuditoreS,

47 745 213 797 fortem
242 747 365 796 illam
387 761 431 795 et
447 746 721 796 ‘bellicosam
741 745 1070 806 Germaniam3
1103 761 1211 808 quae
1241 743 1328 793 sola
1351 742 1634 808 rapidiffimo
1655 744 1878 809 potentiae

48 844 271 896 Romanae
307 844 455 894 cursui
495 844 726 905 tefiste1·e,·
768 861 875 909 quae
910 843 999 893 sola
1038 841 1407 891 florentissimam
1450 841 1644 890 maximi
1688 842 1880 906 Imperii

48 940 304 992 felicitatem
334 942 422 992 suis
454 943 593 992 armis
627 941 832 992 lacessere
863 941 963 992 ausa
994 940 1073 993 est.
1139 942 1273 1006 Saepe
1299 939 1493 1003 quidem
1525 952 1657 989 antea
1689 939 1881 1006 singulis

48 1029 105 1090 R
123 1040 391 1090 Germaniae
413 1041 597 1107 populis
619 1040 816 1089 bellandi
835 1057 944 1089 cum
967 1040 1192 1089 Romanis
1217 1040 1403 1088 materia
1426 1037 1536 1095 fuit,
1570 1050 1615 1086 et
1645 1037 1747 1087 illos
1769 1036 1881 1087 sem·

49 1153 130 1204 per
151 1138 376 1204 repressos
402 1142 550 1206 magis
571 1155 712 1203 quam
741 1140 892 1188 victos
915 1138 1111 1191 dixer-ist
1145 1153 1269 1186 nunc
1294 1152 1407 1185 vero
1437 1149 1531 1184 tota
1565 1136 1613 1184 in
1637 1135 1882 1186 Romano-

50 1251 154 1286 rum
195 1238 447 1301 perniciem
487 1236 824 1302 conspirauerat
856 1238 1144 1296 Germania3
1179 1247 1223 1283 et
1255 1234 1310 1284 ad
1351 1232 1657 1284 auertendum
1690 1234 1881 1298 Imperii

42 1332 248 1385 'Rotnani
287 1336 452 1401 iugum
474 1368 488 1393 ‚
524 1336 622 1384 imo
654 1334 791 1399 ipsius
826 1336 995 1383 Romae
1029 1333 1316 1395 Maiestatem
1359 1331 1662 1386 minuendam
1699 1329 1884 1382 lortiffi-

50 1418 237 1481 morum
261 1432 384 1482 istius
413 1434 566 1500 gentis
599 1432 888 1498 populorum
917 1433 1223 1481 coniurauere
1260 1445 1491 1494 proceres.
1560 1428 1688 1494 Quae
1721 1444 1793 1478 res
1824 1444 1883 1479 eo

15 1548 18 1550 ’
51 1527 247 1580 successu
274 1530 399 1597 gesta
427 1531 514 1590 est,
550 1530 828 1589 Auditores‚
863 1544 915 1579 ut
951 1527 1178 1595 oppreffis
1210 1529 1407 1586 Variana
1440 1526 1570 1576 clade
1602 1526 1883 1593 legionibus,

53 1629 264 1678 Ducibus
284 1629 407 1678 eaefis·
421 1663 434 1688 ,
468 1646 565 1679 non
588 1646 753 1695 parum
778 1627 1107 1693 triumphantis
1129 1631 1296 1675 Romae
1330 1623 1598 1693 progressus
1626 1623 1779 1675 felices
1797 1639 1886 1675 tar-

53 1723 179 1774 daret
207 1726 472 1777 Germania.
540 1727 601 1776 Et
624 1725 863 1792 Augustus
895 1726 951 1774 ab
981 1723 1150 1773 excelsa
1182 1723 1255 1773 sua
1283 1723 1531 1773 Maiestatis
1563 1739 1666 1772 arce
1699 1722 1884 1775 futuros

52 1821 255 1872 fatorum
285 1837 478 1874 euentus
509 1823 703 1889 prouida
733 1823 924 1888 Imperii
956 1822 1019 1871 sui
1059 1838 1168 1872 cura
1204 1821 1490 1886 prospiciens
1524 1838 1622 1871 non
1657 1822 1886 1888 exiguum

27 1921 362 1987 'magnitudini
395 1923 621 1972 Romanae
649 1922 894 1970 imminere
928 1919 1187 1985 periculum
1210 1935 1268 1968 ex
1302 1918 1388 1968 isto
1420 1928 1581 1968 rerum
1611 1918 1726 1968 statu
1758 1918 1887 1969 facile

58 2018 286 2068 intellexit.
355 2021 515 2084 Itaque
535 2018 711 2068 vicisses
734 2033 835 2067 tum
858 2018 1122 2075 Germania,
1157 2015 1239 2066 nisi
1263 2032 1373 2065 cum
1396 2015 1502 2082 ipfis
1534 2016 1652 2065 adeo
1681 2016 1885 2066 fatorum

59 2114 284 2168 destinatis
309 2117 582 2168 certandum
604 2118 718 2166 Tibi
749 2114 897 2165 fuisset
908 2149 922 2174 ,
956 2132 1062 2180 quae
1093 2113 1226 2164 suum
1260 2103 1355 2164 iam‘
1382 2114 1551 2163 Romae
1580 2112 1885 2174 seruatorem,

0 2195 1 2238 l
59 2227 164 2278 quae
199 2214 329 2265 suum
369 2217 460 2266 iam
502 2217 672 2266 Romae
705 2214 1045 2265 Germanicum
1081 2211 1345 2263 faustiffimo
1393 2211 1788 2278 reportandorum
1829 2229 1887 2263 ex

0 2371 2 2388 ἱ
63 2311 311 2364 Germania
333 2314 684 2379 triumphorum
716 2314 877 2363 omine
908 2310 1142 2361 dederant.
1210 2310 1401 2379 Qanta
1433 2327 1551 2378 ergo
1582 2327 1699 2360 mox
1730 2327 1891 2361 rerum

65 2411 282 2465 mutatio,
317 2426 485 2476 quanta
507 2411 709 2462 fortunae
731 2397 1045 2476 catastrophe!
1083 2425 1194 2459 cum
1216 2410 1431 2459 Heroem
1455 2409 1584 2458 hunc
1607 2406 1739 2458 suum
1770 2409 1892 2458 acci-

66 2520 194 2572 peret
223 2511 474 2568 exereitus,
508 2512 739 2561 victorem
771 2507 1056 2574 conspiceret
1088 2506 1244 2557 hostis.
1312 2505 1625 2571 ,Opposuerat
1661 2519 1764 2555 tum
1792 2508 1891 2571 qui-

59 2602 178 2668 ‚dem
199 2607 416 2660 crescenti
436 2609 759 2661 Romanorum
781 2607 1004 2675 potentiae
1026 2607 1303 2666 maximum,
1323 2620 1467 2670 quem
1487 2620 1697 2670 unquam
1718 2605 1893 2665 habuit,

166 2700 173 2706 ⁵
923 2705 964 2756 B
1000 2719 1029 2757 2
1773 2704 1897 2755 Ger-

6 2943 14 3158 ἓ

9 3162 16 3260 l

0 3261 181 3444 L
