2626 3490
790 336 897 414 'Q
977 341 1041 413 )(
1082 361 1118 400 0
1157 341 1222 414 )(
1300 344 1412 416 est*
1936 370 2019 412 vn

184 467 290 530 filio
330 477 545 540 operam
582 460 732 519 fuiffe
771 461 1025 539 spemque
1078 465 1220 523 Eum
1263 482 1545 541 parentum
1603 488 1712 528 non
1763 471 2017 541 fefellisse,

184 590 453 671 praeclaris
487 607 671 646 rerum
706 589 769 645 ab
792 589 875 645 Eo
912 592 1012 646 iam
1051 593 1320 666 gestarum
1361 610 1412 666 et
1437 597 1490 650 in
1524 598 1796 669 posterum
1831 618 2017 674 geren-

183 721 369 778 darum
396 715 727 772 documentis
754 716 1104 790 cognosceret.
1189 718 1392 776 Scilicet
1417 738 1472 775 ea
1514 725 1792 797 praecipua
1827 744 2017 800 paren-

177 860 297 903 tum
323 860 449 899 cura
476 839 610 902 fuit,
652 858 774 897 curn
799 844 849 896 in
876 860 1049 916 puero
1074 845 1172 900 iam
1216 845 1533 920 praeclaram
1568 846 1706 903 illam
1735 853 1844 906 vim
1870 870 2017 911 men-

175 973 240 1027 tis
274 953 779 1029 animaduerterent,
838 986 938 1042 per.
967 987 1126 1044 quam
1171 986 1250 1026 tot
1292 989 1343 1028 et
1383 989 1519 1029 tanta
1555 975 1796 1049 prodigia
1839 979 2017 1051 postea

174 1094 455 1169 praestitit,
495 1108 553 1148 vt
579 1092 720 1148 Eum
750 1110 956 1150 mature
988 1095 1309 1169 Gymnafio³
1349 1099 1497 1173 quod
1521 1115 1638 1184 tum
1666 1100 1880 1160 Durlaci
1915 1104 2016 1161 flo-

173 1220 344 1280 rebat,
384 1193 524 1273 nuno
571 1236 693 1273 cum
733 1217 852 1273 sede
897 1218 1328 1303 PRINCIPIS
1373 1223 1748 1281 Carolsruham
1798 1230 2012 1285 transla-

168 1358 291 1401 tum
342 1344 446 1406 est,
486 1341 825 1398 'formandum
873 1344 989 1398 fidis
1030 1348 1465 1419 praeceptoribus
1509 1349 1800 1422 traderent5
1862 1353 2011 1423 quod

168 1467 518 1543 Illeternpus,
560 1468 766 1542 quoties
796 1466 1093 1524 Durlacum
1119 1469 1326 1530 reuisit,
1369 1489 1474 1528 non
1516 1472 1619 1528 fine
1645 1473 1914 1550 voluptate
1956 1492 2009 1535 et

167 1608 316 1668 grata
350 1596 400 1648 in
428 1593 672 1649 tutelares
702 1592 799 1649 loci
837 1593 981 1651 Deos
1005 1613 1181 1653 mente
1216 1599 1595 1662 reminiscitur,
1638 1600 2010 1678 templumque

166 1717 444 1776 Musarum
471 1717 614 1774 aliud
638 1718 836 1782 inuisit,
879 1719 1116 1796 intelligo
1139 1724 1426 1796 augustum
1458 1723 1588 1780 illud
1612 1726 2002 1786 Monumento-

169 1857 294 1906 rum
339 1846 678 1916 antIquorum
711 1862 808 1918 per
847 1860 1009 1903 terras
1056 1846 1308 1909 Badenses
1352 1864 1691 1923 repertorum
1727 1866 1780 1908 et
1821 1852 2007 1912 sacello

168 1965 423 2039 quodque
444 1965 567 2027 suo,
605 1984 713 2040 quo
749 1968 814 2022 ab
840 1972 966 2023 aeris
994 1973 1180 2025 iniuria
1206 1971 1403 2027 sartum
1441 1990 1750 2047 tectumque
1786 1977 1882 2039 est,
1923 1981 2002 2033 in-

163 2087 433 2145 clusorum
471 2087 748 2144 sacrarium
772 2126 788 2151 ‚
834 2054 948 2165 Ipso
984 2091 1224 2154 suasore,
1266 2097 1318 2148 in
1355 2092 1513 2150 horto
1556 2095 2003 2160 PRINCIPIS

160 2212 518 2272 amoeniffimo
545 2229 796 2271 erectum.

314 2443 574 2503 Emensus
598 2448 960 2521 quinquennio
993 2447 1242 2513 stadium,
1286 2448 1432 2526 quod
1469 2449 1542 2507 Illi
1569 2451 1998 2531 percurrendum

158 2568 532 2642 praetendebat
561 2571 878 2630 Durlacense
907 2573 1284 2649 Gymnasium,
1318 2575 1563 2634 Bafileam
1594 2592 1645 2632 et
1665 2579 1717 2633 in
1748 2577 1996 2637 Bafileen-

1943 2701 1996 2758 se
