2585 3485
3 0 584 116 ff—vffl
1009 154 1012 158 ‚
1620 2 1627 5 “
1743 7 1747 14 ²
2211 6 2218 15 ’
2571 75 2573 119 l

665 322 1294 403 Q>(0)(ss
1666 382 1670 385 .
1822 342 1894 399 57
2573 332 2575 367 ¹

14 519 15 522 Ἴ
58 453 256 512 fiducia,
309 452 419 501 nulli
447 451 743 509 dubitamus,
789 452 906 515 quin
947 463 1105 499 motus
1139 448 1225 506 illi,
1278 464 1397 513 quos
1438 448 1703 500 Ostendana
1734 448 1892 500 Indiae

14 557 15 561 ’
59 552 309 604 Orientalis
342 555 741 599 commerciorum
774 550 1000 606 Societas,
1045 567 1068 599 a
1104 546 1293 598 Caesoe
1330 565 1479 613 nuper
1519 548 1729 606 stabilita,
1773 549 1892 597 inter

13 656 18 723 l
52 652 261 718 populos
290 652 514 707 concitat,
549 649 718 698 eodem
751 647 1048 707 conciliante,
1082 648 1404 713 componendi
1436 646 1522 696 sint
1551 647 1697 699 breuiss

185 783 292 833 Nec
319 781 493 830 silentio
525 779 792 831 transeunda
821 779 883 828 est
915 779 983 828 illa
1008 778 1234 836 Caesaris,
1257 777 1458 827 masculo
1478 755 1679 827 destituti
1707 777 1891 838 herede,

14 859 16 898 ζ
56 879 343 946 pragmatica
361 881 557 930 Sanctio.
625 881 828 928 Tantam
850 879 923 926 ille
945 881 989 925 in
1010 877 1332 927 LVDOVICI
1354 877 1550 926 amicitia
1569 875 1787 925 fiduciam
1811 872 1893 942 po-

13 1010 17 1041 ³
57 981 149 1036 nit,
184 979 331 1027 nullus
362 994 412 1027 vt
440 978 650 1037 dubitet,
686 981 800 1043 quin
835 976 1112 1026 domesticae
1142 976 1254 1026 huic
1277 975 1486 1027 Austtia'e
1513 975 1606 1043 legi
1639 974 1787 1025 Gallia
1817 973 1893 1025 ad-
2568 965 2571 1040 j

57 1075 206 1126 ditura
230 1077 278 1126 lit
309 1077 495 1142 pondus
527 1091 572 1127 et
603 1077 762 1128 robur.

187 1208 342 1257 Arctis
389 1208 459 1257 his
500 1210 724 1258 amicitiae
770 1222 815 1257 et
847 1202 1092 1257 foederum
1144 1206 1341 1257 vinculis
1407 1205 1667 1274 coniugalia
1706 1207 1892 1258 vincula

14 1348 16 1351 ,
56 1305 729 1371 superadditLVDOVICVS.
767 1307 1013 1372 Nuptiales
1036 1306 1184 1355 taedas
1198 1304 1442 1371 Hispaniae
1456 1320 1591 1369 atque
1609 1306 1892 1355 Germaniae

58 1404 265 1454 accendit
289 1404 461 1455 Gallia.
531 1406 666 1453 Anna
692 1405 929 1461 Victoria,
966 1403 1212 1468 Hispaniae
1241 1402 1422 1460 Infans,
1457 1404 1505 1450 in
1543 1403 1741 1452 Galliam
1767 1416 1892 1451 tran-

13 1492 17 1569 ᾗ
56 1501 122 1560 fit,
154 1503 375 1552 educatur
396 1503 442 1550 in
466 1503 640 1560 Gallia,
674 1500 802 1551 socer
824 1501 1156 1551 LVDOVICI
1173 1514 1225 1550 vt
1252 1498 1326 1549 fiat
1341 1500 1584 1566 Philippus
1605 1500 1891 1575 Borbonius,

14 1626 17 1663 2
57 1599 302 1665 Hispaniae
333 1601 447 1649 Rex.
514 1600 754 1649 Ludouica
790 1599 1065 1657 Elisabetha,
1109 1598 1505 1648 Aurelianenfium
1540 1599 1764 1664 Princeps
1785 1633 1799 1652 ,
1833 1614 1914 1664 ex,

56 1699 194 1746 Gallia
235 1699 280 1747 in
312 1697 582 1763 Hispaniam
627 1698 849 1758 ducitur3
908 1697 1174 1746 Ludouicus
1216 1696 1462 1762 Hispaniae
1511 1698 1612 1747 Rex
1644 1697 1695 1746 fit
1740 1714 1890 1765 gener

14 1781 17 1837 l
61 1792 264 1856 Philippi
303 1796 537 1844 Aureliani
575 1797 750 1854 DuciS,
778 1808 781 1809 ’
810 1812 894 1861 per
944 1795 1270 1862 septennium,
1312 1796 1444 1862 Rege
1487 1796 1762 1862 impubere,
1806 1797 1890 1862 qui

14 1958 17 1964 Ι
57 1905 235 1940 rexerat
259 1892 473 1944 Galliam.

191 2005 394 2070 Philippi
433 2006 569 2055 huius
601 2005 717 2056 filius
740 2006 1035 2065 Ludouicus,
1071 2006 1421 2056 Carnutenfium
1456 2009 1593 2067 DuX,
1629 2007 1890 2075 Augustam

14 2117 17 2174 3
57 2102 273 2157 Mariam,
295 2103 582 2152 Marchionis
608 2104 846 2162 Badenlis,
879 2104 1110 2153 Ludouici
1133 2107 1250 2155 illius
1271 2108 1461 2155 victoris
1481 2108 1764 2165 Tu'rcarum‚
1797 2107 1888 2157 ser-

14 2187 17 2245 l
58 2202 228 2249 vatoris
264 2201 534 2267 Hungariae
573 2201 709 2251 filiam
741 2201 870 2250 ducit
908 2218 1107 2251 vxorem
1133 2235 1146 2260 ,
1201 2220 1318 2267 quae
1350 2190 1582 2254 foecunda
1615 2205 1888 2256 Aurelianae

14 2313 17 2356 ε
58 2296 244 2346 Domus
267 2298 415 2348 futura
437 2302 649 2367 genetrix
672 2300 790 2349 filios
812 2315 948 2364 atque
970 2314 1163 2366 nepotes
1186 2302 1465 2369 progignet,
1500 2303 1550 2351 in
1578 2303 1747 2368 quibus
1769 2304 1886 2355 Bor-

14 2411 17 2458 i
60 2393 189 2444 bonii
215 2409 259 2443 et
284 2396 495 2447 Badensis
515 2397 745 2464 sanguinis
775 2400 970 2448 virtutes
1001 2400 1266 2449 renitebunt
1288 2402 1575 2450 coniunctae.

187 2508 455 2559 Gratulatur
489 2511 676 2571 Allaria,
726 2511 1001 2563 Badenfium
1036 2514 1214 2573 vicina,
1246 2530 1304 2563 ex
1335 2515 1466 2563 cuius
1496 2515 1682 2580 gremio
1712 2514 1883 2567 florens

15 2610 18 2690 ξ
58 2603 129 2653 illa
163 2606 402 2672 Zaringo-
429 2608 706 2662 Badenfium
745 2609 938 2670 familia,
992 2612 1133 2672 nulli,
1185 2611 1268 2662 nifi
1308 2611 1574 2663 Borboniae
1613 2614 1881 2678 antiquitate

120 2701 243 2754 Pars
275 2704 313 2754 L
979 2708 1034 2761 H
1721 2711 1879 2765 secun-¹
