2618 3485
683 346 831 387 tm
1291 330 1401 408 ’aa
1481 333 1547 406 ><
1588 357 1623 392 0
1664 334 1728 407 ><
1807 334 1916 411 aa*

679 456 832 531 gulos
847 474 860 528 3
903 457 1131 513 narrauit
1169 454 1583 517 COBENZELIVM
1623 478 1826 535 patrem
1876 465 2166 538 optimum,
2209 466 2522 540 grauiffimi!

680 581 927 655 quidem,
973 581 1167 655 quibus
1208 585 1440 657 praeest,
1482 589 1705 658 negotiis
1743 589 1809 642 ita
1861 605 2073 660 parem,
2117 608 2172 647 vt
2207 591 2400 663 fingula
2431 607 2521 646 cu-

679 722 759 759 ret
801 722 851 760 et
891 708 1139 763 omnibus
1182 709 1490 782 prouideat3
1542 714 1769 766 narrauit
1806 710 2142 769 Louanienfis
2189 714 2518 777 Academiae,

679 846 756 885 tot
780 830 996 887 summis
1024 832 1149 887 olim
1190 832 1498 891 doctoribus
1529 836 1784 908 inclytae,
1827 835 2015 891 statum
2040 836 2381 910 praesentem,
2412 857 2522 896 non

679 954 1012 1029 desperatum
1044 957 1260 1032 quidem
1296 959 1477 1021 ilium,
1519 959 1605 1015 sed
1635 960 1818 1022 talem,
1857 977 1914 1017 vt
1951 960 2155 1017 medela
2191 980 2395 1018 mature
2430 964 2519 1019 ad-

677 1079 871 1141 hibita,
914 1083 1130 1155 pristino
1153 1084 1414 1156 splendori
1453 1084 1589 1140 illam
1615 1085 1785 1160 speret
1807 1084 1922 1142 fore
1955 1103 2011 1142 vt
2043 1087 2277 1144 restituat
2298 1086 2520 1162 prouida

677 1205 1086 1277 Augustiffimae
1126 1207 1455 1269 THERESI‘AE
1497 1228 1658 1282 cura3
1703 1213 1932 1266 narrauit
1971 1210 2116 1284 spem
2159 1231 2187 1266 e
2228 1212 2518 1285 longinquo

678 1327 1009 1401 surgentem,
1052 1329 1172 1385 fore*
1205 1350 1261 1387 vt
1291 1335 1343 1387 in
1375 1333 1557 1406 Belgio
1582 1336 1854 1391 Austriaco
1889 1335 2145 1391 condatur
2177 1337 2522 1391 Scientiarum

677 1454 934 1517 Societas,
977 1455 1276 1512 Theodoro
1325 1457 1577 1514 Palatinae
1617 1463 1794 1516 matris
1837 1458 2038 1515 aemula
2071 1459 2198 1520 filia,
2239 1478 2267 1514 e
2302 1474 2517 1532 torpore

678 1583 960 1635 excitatura
984 1580 1286 1654 languentes
1318 1582 1479 1658 longo
1504 1585 1602 1639 situ
1630 1583 1827 1640 horum
1867 1585 2060 1639 animas
2097 1600 2148 1638 et
2181 1583 2392 1639 illorum
2428 1600 2521 1638 ve-

675 1705 963 1762 recundam
997 1708 1239 1761 iuuatura
1282 1708 1621 1770 modestiam,
1660 1712 1749 1782 qui
1787 1712 1983 1763 virium
2030 1707 2239 1762 suarum
2280 1708 2519 1764 nondum

677 1828 790 1886 satis
817 1831 1031 1891 conscii,
1074 1833 1298 1905 impares
1342 1831 1392 1884 se
1435 1831 1768 1908 suscipiendis
1813 1831 2117 1891 laboribus,
2158 1831 2368 1886 erudito
2405 1830 2523 1886 orbi

678 1954 805 2011 oiim
843 1970 894 2009 et
925 1958 1117 2030 patriae
1156 1960 1382 2010 maxime
1414 1958 1661 2030 proficuis
1697 1958 1831 2015 male
1858 1955 2146 2012 crederent.
2225 1957 2518 2012 Enumera-

676 2082 752 2134 vit
794 2096 1061 2154 praeterea
1105 2079 1259 2153 longa
1292 2082 1421 2137 serie
1452 2081 1624 2143 locos,
1686 2081 1954 2141 homines,
2017 2096 2227 2135 naturae
2253 2115 2269 2138 ,
2310 2084 2428 2136 artis
2465 2096 2515 2137 et

678 2205 869 2276 ingenii
898 2220 1242 2258 monumenta
1270 2220 1320 2258 et
1352 2205 1613 2266 miranda,
1651 2223 1786 2278 quae
1819 2203 2127 2259 lustrauerat
2153 2202 2319 2258 oculis
2352 2204 2518 2259 osten-

677 2331 938 2399 tauitque,
982 2328 1106 2382 haec
1145 2331 1275 2384 inter
1322 2329 1547 2385 iucunda
1584 2329 1917 2385 audientibus
1965 2326 2254 2402 colloquia,
2297 2329 2515 2401 opimas,

679 2472 805 2528 quas
861 2453 980 2508 hirc
1032 2453 1151 2507 inde
1193 2454 1473 2516 retulerat,
1505 2454 1749 2529 praedas,
1786 2454 2060 2513 amicitias,
2107 2452 2304 2525 elogia,
2345 2456 2515 2511 omnis

682 2581 887 2653 generis
919 2578 1095 2640 libros,
1127 2577 1278 2648 dona,
1306 2578 1380 2635 sui
1409 2579 1721 2636 defiderium
1734 2597 1750 2653 3
1792 2595 2012 2635 aureum
2046 2593 2273 2632 numum
2299 2576 2511 2633 COBEN-

2362 2715 2513 2758 ZELH
