2503 3444
699 346 809 423 'Q
888 348 1134 424 )(0>(
1215 351 1326 425 οβ’
1812 379 1927 433 317

87 472 364 537 plerumque
397 470 615 541 divinum
648 470 761 534 quid
794 470 880 518 suis
909 471 1046 519 ineffe
1077 473 1338 537 originibus
1366 475 1536 544 velint7
1566 477 1764 528 Annales
1799 497 1920 543 quo->

88 585 181 632 que
215 568 417 616 Romani
468 567 649 616 Rheam
686 567 803 616 hanc
845 567 1073 617 Vestalem
1109 586 1133 618 a
1170 570 1322 619 Marte
1368 569 1675 634 compressam
1722 577 1923 628 tradunt.

83 664 338 730 Augustius
383 664 474 713 fine
508 664 654 714 dubio
706 664 948 713 videbatur
970 698 984 722 ,
1037 666 1195 715 Deum
1235 683 1476 716 auctorem
1506 670 1655 733 culpae
1694 688 1719 721 a
1752 674 1922 722 Vestali

83 760 615 827 commiffaedefignare.
658 763 697 811 F
699 761 935 811 abulosum
964 761 1057 810 hoc
1081 777 1234 812 tamen
1262 764 1354 829 ipse
1371 765 1712 816 D10NYsms
1739 770 1917 818 HArt·

82 873 237 907 cARN
252 875 278 906 A
292 874 345 907 ss
359 873 521 907 ENs1s
543 872 739 924 reputat,
757 872 802 908 et
820 859 1120 923 quorundam
1142 857 1411 911 sententiam
1432 861 1634 920 adducit,
1657 867 1739 927 qui
1761 866 1912 931 ipsum

81 955 343 1013 Amulium,
367 956 638 1006 Numitoris
661 955 864 1014 fratrem,
891 956 1078 1006 tradunt
1097 957 1242 1006 Rheae
1273 959 1564 1017 violatorem,
1585 962 1809 1026 quodque
1835 981 1918 1028 per

81 1051 289 1111 infidias,
320 1053 499 1102 cunctis
523 1053 651 1103 faciei
675 1055 813 1113 notis,
830 1069 1062 1118 quantum
1093 1054 1192 1103 fieri
1219 1069 1411 1119 poterat,
1433 1054 1682 1106 obscuratis
1701 1073 1746 1108 et
1777 1062 1917 1111 armis

82 1151 262 1198 cinctus
300 1166 402 1200 eam
441 1150 798 1216 compresserit3
855 1153 932 1202 cui
984 1153 1233 1203 narrationi
1275 1169 1467 1217 quoque
1511 1153 1732 1206 consentit
1778 1157 1915 1206 PLU-

84 1247 381 1297 TARcttU's.

209 1346 314 1393 VII.
383 1346 474 1394 Sed
519 1360 564 1395 et
598 1348 718 1396 circa
758 1348 848 1412 ipsiu
888 1349 1209 1398 Geminorum
1241 1364 1298 1397 ex
1332 1349 1464 1398 Rhea
1499 1350 1656 1415 Sylvia
1693 1366 1912 1404 natorum

80 1441 167 1500 fata
201 1441 477 1491 miraculum
512 1442 700 1506 aliquod
734 1444 792 1492 de
825 1446 959 1510 Lupa
993 1444 1188 1493 infantes
1218 1446 1449 1493 nutriente
1480 1445 1657 1512 fingere
1691 1450 1782 1497 auli
1807 1449 1914 1499 sunt·

79 1538 314 1597 Romani3
349 1538 552 1587 evidenti
580 1539 756 1604 fabulae
778 1541 916 1589 huius
940 1542 1139 1605 origine,
1162 1556 1219 1588 ex
1241 1539 1479 1603 impudica
1498 1542 1769 1593 Laurentiae
1792 1560 1910 1594 vxo-

74 1637 137 1685 ris
160 1636 200 1684 F
200 1634 379 1693 aistuli,
409 1637 489 1699 qui
516 1636 653 1700 Regii
678 1637 860 1700 pecoris
882 1637 1098 1701 magister
1132 1636 1303 1693 fuerat,
1339 1637 1445 1684 vita.
1514 1638 1754 1688 Laurentia
1779 1640 1907 1698 haec,

74 1733 266 1798 vulgato
300 1748 502 1797 corpore
530 1733 661 1798 Lupa
692 1734 811 1780 inter
835 1733 1042 1782 Pastor-es
1063 1745 1248 1789 vocata,
1282 1747 1393 1780 cum
1419 1730 1509 1795 ipsa
1539 1747 1731 1796 quoq-ue
1759 1733 1911 1784 fuisset

74 1829 302 1879 infantum
343 1830 573 1887 nutricia,
625 1829 850 1879 miraculo
886 1828 1042 1894 postea
1074 1830 1299 1893 temporis
1333 1827 1558 1894 fingendo
1601 1828 1732 1878 facile
1773 1830 1906 1880 dedit

77 1925 389 1985 occafionem.

206 2023 336 2073 VIII.
408 2024 587 2072 Primus
611 2024 757 2072 Urbis
781 2023 994 2072 conditae
1015 2022 1144 2070 Iocus
1165 2022 1270 2084 quis
1293 2020 1430 2068 fuerit
1446 2053 1462 2078 2
1496 2022 1544 2071 ὃ(
1571 2034 1738 2083 quanta
1776 2024 1905 2073 eius-

57 2120 180 2170 dem
213 2117 415 2167 extensio
456 2119 580 2169 haud
612 2120 848 2168 immerito
885 2120 1134 2183 quaeritur.
1233 2117 1415 2165 Scilicet
1463 2117 1716 2165 Romuleae
1753 2120 1901 2169 Urbis

59 2217 311 2282 pomoeria
345 2214 654 2264 diverfimodc
686 2216 972 2265 constituunt
1010 2216 1295 2279 Scriptores,
1331 2214 1480 2275 iisque
1524 2214 1595 2261 vel
1633 2212 1777 2271 duos,
1823 2217 1899 2264 vel

72 2328 190 2371 tres,
224 2313 297 2361 vel
330 2312 486 2377 plures
510 2313 646 2360 etiam
685 2319 868 2362 montes
895 2311 1022 2361 fuisse
1044 2310 1242 2359 inclusos
1274 2307 1497 2374 produnt.
1599 2308 1774 2371 Neque
1797 2308 1900 2360 sane

73 2410 370 2476 negandum,
409 2408 702 2475 gravissimos
727 2410 907 2458 Rerum
930 2410 1251 2458 Romanarum
1279 2407 1541 2470 Scriptores
1576 2403 1725 2451 videri
1745 2407 1789 2453 in
1813 2407 1900 2457 hac

75 2505 166 2570 ipsit
187 2506 266 2554 fibi
289 2507 556 2554 contrariari
578 2507 792 2563 materia,
824 2501 1033 2569 quorum
1059 2519 1211 2555 tamen
1233 2502 1603 2552 conciliatio-nem
1628 2498 1748 2547 haud
1774 2501 1894 2550 diffi-

74 2604 210 2653 cilem
253 2601 354 2652 fore
392 2617 638 2668 putamus3
694 2601 730 2651 fi
758 2603 1019 2655 Palatinum-
1049 2603 1219 2652 collem
1256 2601 1468 2665 primum
1504 2594 1716 2646 conditae
1750 2598 1897 2646 Urbis

914 2702 992 2751 Rs
1029 2719 1061 2765 3
1731 2693 1895 2742 Iocum
