2567 3470
652 328 726 384 54
1009 326 1019 343 ⁸
1260 311 1372 389 ’ΒΜ
1451 311 1517 386 )(
1557 334 1592 371 0
1630 311 1696 386 )(
1774 310 1885 388 ορ

650 446 734 481 ret.
801 432 911 482 Fuit
944 446 1098 482 autem
1132 446 1177 482 et
1207 433 1310 483 haec
1333 468 1347 494 ,
1381 435 1734 493 LVDOVICE
1777 435 2034 486 MAGNE
2060 469 2072 494 ,
2110 435 2349 502 peculiaris
2376 437 2486 490 Tun
2555 467 2561 486 ι

653 547 753 595 prae
786 532 944 580 multis
976 512 1195 581 omnium
1228 546 1501 600 temporum
1536 535 1777 583 Heroibus
1814 532 2000 583 felicitas
2024 567 2038 592 ‚
2077 535 2234 598 quod,
2270 552 2381 585 cum
2407 538 2489 594 Tu
2555 543 2558 582 ζ

654 645 814 679 rerum
843 629 1079 696 gestarum
1101 632 1427 697 magnitudine
1450 647 1680 682 extremas
1704 646 1839 681 terrae
1862 646 2012 697 partes
2033 634 2360 701 coniungere5‚
2381 651 2491 688 cum
2553 641 2558 649 ‘

656 742 728 777 tot
756 728 963 788 illustria,
997 743 1068 778 tot
1102 731 1446 781 immortalitate
1482 731 1625 798 digna
1654 731 1814 780 ederes
1847 730 2074 790 facinora,
2106 712 2340 782 inuenires
2373 735 2503 798 quo·⁴¹
2555 717 2561 747 ³

658 842 754 890 que
776 860 789 886 ‚
831 840 877 876 et
910 825 1004 893 ipse
1035 827 1149 877 Tibi
1191 827 1418 880 formares
1447 807 1590 879 Viros
1628 829 1948 887 immortales,
1984 829 2066 893 qui
2099 833 2266 880 vivum
2296 831 2371 880 Te
2404 834 2495 884 iam
2535 827 2560 837 “

660 925 993 976 immortalitati
1039 926 1394 987 consecrarent,
1450 941 1496 978 et
1533 928 1607 977 vel
1646 928 1822 976 mortui
1865 927 2020 993 postea
2061 928 2334 995 adscriptam
2379 930 2498 983 coelo

661 1022 833 1073 famam
886 1024 943 1073 ad
996 1023 1141 1074 seram
1187 1027 1406 1075 omnium
1451 1025 1712 1076 seculorum
1768 1027 2130 1076 transmitterent
2176 1028 2499 1094 posteritatem.

661 1122 811 1171 Hune
839 1122 920 1172 Tu
945 1123 1258 1174 Monarcham
1292 1124 1341 1173 in
1375 1126 1507 1185 terris
1532 1126 1803 1175 Maximum
1836 1142 1920 1191 per
1951 1127 2036 1175 tria
2067 1139 2111 1175 et
2135 1127 2264 1190 quod
2300 1129 2501 1181 excurrit

664 1220 800 1270 lustra
829 1255 842 1280 ,
878 1221 1057 1272 summa
1093 1238 1205 1272 cum
1246 1223 1355 1272 Tua
1385 1223 1534 1290 gloria
1555 1256 1569 1281 ‚
1620 1237 1666 1272 et
1697 1224 1886 1289 publico
1919 1223 2055 1273 seculi
2087 1224 2226 1276 huius
2263 1225 2503 1297 applausu,

666 1322 919 1386 quotannis
950 1320 1226 1387 praesentem
1258 1336 1304 1371 et
1333 1321 1603 1372 victricibus
1633 1323 1798 1372 laureis
1828 1321 2163 1372 circumfusum
2197 1324 2245 1372 in
2276 1323 2369 1372 hoc
2405 1313 2516 1390 ipso*
2546 1356 2548 1362 ,

649 1421 776 1476 ,loco
796 1416 1064 1478 exhibuisti,
1099 1420 1278 1470 Orator
1300 1420 1524 1469 Maxime.
1595 1420 1756 1489 Quam
1778 1422 1918 1470 erecti
1945 1421 2162 1470 omnium
2194 1422 2360 1481 animi,
2396 1436 2506 1474 cum
2562 1471 2563 1475 ,

670 1518 751 1567 Tu
787 1515 991 1567 sublimis
1020 1495 1302 1581 eloquentiae
1333 1517 1522 1585 vestigia
1560 1535 1783 1584 premens
1814 1506 2114 1569 Ludouicum
2153 1519 2345 1580 Tuum,
2381 1538 2504 1572 nunc

671 1630 730 1665 ex
753 1614 941 1665 reducta
961 1632 1099 1681 pace,
1135 1631 1261 1665 nunc
1289 1631 1347 1665 ex
1377 1615 1587 1666 formatis
1618 1618 1800 1667 mundo
1830 1619 2039 1685 Regibus
2057 1652 2072 1678 ,,
2107 1635 2231 1668 nunc
2263 1635 2321 1668 ex
2353 1620 2507 1670 multi-

674 1714 836 1772 tudine
858 1714 1088 1773 hostium,
1123 1729 1251 1766 nunc
1272 1730 1329 1762 ex
1351 1730 1510 1763 amore
1537 1714 1756 1774 Ciuium,
1789 1733 1917 1766 nune
1941 1733 2000 1766 ex
2020 1718 2270 1783 Hispania,
2305 1734 2431 1768 nune
2451 1734 2510 1770 ex,
2552 1711 2558 1719 ’

676 1813 955 1873 Germania,
990 1827 1151 1878 atque,
1186 1826 1240 1862 ut
1261 1814 1369 1863 artis
1390 1814 1514 1862 Tuae
1545 1813 1764 1864 miracula
1790 1814 1848 1864 ad
1875 1814 2113 1866 summum
2139 1816 2431 1882 perduceres²
2453 1832 2508 1871 ex
2554 1839 2560 1842 ·

676 1911 770 1977 ipsa
799 1911 986 1962 tandem
1020 1912 1226 1962 hostium
1252 1912 1448 1963 Victoria
1483 1913 1745 1980 Magnum,
1781 1914 2020 1980 paradoxo
2053 1915 2188 1981 plane
2219 1901 2547 1988 argumentati·

680 2010 1038 2076 repraesentares.
1130 2011 1293 2077 Qam
1323 2012 1506 2062 attoniti
1542 2015 1761 2062 omnium
1790 2014 1932 2064 animi
1957 2048 1971 2074 2
2002 2031 2116 2064 cum
2148 2016 2231 2065 Tu
2263 2007 2516 2081 stupendo}
2547 2034 2558 2072 ᾗ

681 2110 875 2159 Maximi
903 2111 1047 2177 Regis
1077 2109 1300 2161 successus
1325 2111 1524 2178 superbo
1549 2125 1595 2162 et
1617 2111 1839 2163 consueto
1868 2116 1975 2163 Tuo
1997 2113 2323 2164 sententiarum
2353 2112 2519 2183 verbo}

683 2223 887 2272 rumque
915 2223 1134 2274 apparatu
1160 2225 1380 2274 aequares.
1448 2210 1609 2277 Quam
1637 2211 1917 2276 perturbatae
1944 2213 2164 2261 omnium
2193 2226 2386 2272 menteS,
2407 2211 2514 2266 eutii
2551 2178 2567 2266 i

685 2305 768 2356 Tu
812 2306 1044 2356 vastiffimi
1083 2309 1224 2358 totius
1269 2307 1434 2356 Gallice
1469 2309 1604 2374 regni
1653 2309 1833 2359 luctum
1878 2311 1925 2360 in
1964 2310 2205 2361 tristiffima
2245 2297 2516 2366 Sereniffitffi
2540 2295 2567 2358 i

687 2405 932 2471 utriusque
964 2405 1216 2472 Delphini,
1250 2419 1297 2455 et
1330 2405 1467 2471 ipsius
1491 2406 1676 2458 tandem
1710 2408 1942 2459 Ludouici
1969 2410 2068 2460 Tui
2097 2426 2252 2461 morte
2285 2404 2377 2478 ipse
2405 2425 2518 2470 cong·
2558 2393 2567 2455 ἕ

689 2503 947 2564 sternatus2
981 2518 1025 2555 at
1064 2503 1290 2555 facundus
1321 2506 1500 2556 Orator
1522 2539 1535 2565 2
1571 2507 1780 2558 inaudito
1823 2497 2007 2561 animos
2040 2513 2265 2562 mouendi
2308 2506 2518 2566 artificio&
2561 2559 2567 2568 ‚,

691 2601 875 2654 fisteres.
964 2604 1101 2656 Adeo
1129 2621 1218 2657 nos
1246 2606 1430 2671 rapuisti
1451 2640 1465 2669 2
1501 2622 1599 2672 quo
1633 2607 1878 2667 voluera83
1913 2610 2030 2663 adeo
2061 2613 2274 2665 nostrum
2306 2609 2518 2673 affectum

2448 2706 2525 2783 ‘vel
