2503 3444
668 292 778 370 *Q
856 293 921 376 )(
963 315 998 354 0
1042 295 1106 369 )(
1184 293 1302 371 ol*
1802 324 1915 376 199

0 412 25 483 ‚i
79 420 287 491 graphici
307 452 321 479 ,
355 416 485 484 quod
517 428 727 474 vocant,
762 414 939 466 Iubilaei
971 417 1309 479 celebratione,
1346 419 1496 471 nostra
1525 419 1568 472 se
1602 438 1796 490 quoque
1829 443 1908 476 ex..

19 486 26 588 ξ
81 520 198 569 tollit
221 520 582 583 ArgentoratuS,
618 510 807 578 quando
845 514 961 579 iilius
999 519 1253 579 praesertim
1290 518 1434 569 caussa
1465 519 1519 569 ab
1549 523 1796 582 omnibuS,
1833 525 1907 574 vel

20 590 26 695 ξ
79 614 248 672 insciis,
281 614 460 680 agitur3
495 614 671 677 quippe
706 628 812 677 quae
842 613 1040 677 primam
1068 616 1174 664 artis
1202 617 1406 665 inventae
1440 619 1688 681 periodum
1716 624 1906 687 optimo

0 700 26 788 ἱ
75 711 154 763 fibi
176 713 273 775 iure
297 711 511 760 vindicat.
579 710 808 760 Constans
836 710 1000 760 harum
1025 712 1213 761 urbium
1239 730 1324 777 per
1346 715 1428 763 tria
1453 713 1594 765 secula
1626 719 1826 779 traditio,
1845 720 1903 770 ad

19 793 27 887 ᾗ
72 810 268 878 gloriam
300 809 426 858 urbis
457 808 626 858 nostrae
660 808 932 872 firmandam
973 811 1164 876 egregie
1192 811 1604 883 conspirat.“Sint
1635 832 1750 881 ergo
1788 817 1907 868 salva

19 894 31 1004 ἱ
72 905 144 957 sua
165 908 261 961 iura
285 908 624 972 Argentorato,
661 906 745 956 sint
766 907 879 956 Gilva
906 908 1202 974 Moguntiae,
1239 925 1433 975 utraque
1464 910 1690 971 debitam,
1727 914 1799 963 illa
1830 916 1903 964 in-

20 1005 21 1012 ’
74 1017 245 1062 ventae,
279 1003 382 1053 haec
406 1003 621 1069 perfectae
646 1008 776 1064 artis,
812 1006 891 1055 fibi
924 1008 1124 1072 gloriam
1148 1009 1380 1070 vindicet3
1417 1011 1762 1076 periodumque
1791 1013 1902 1063 Mo-

92 1076 94 1078 .
1235 1079 1262 1099 ι,

71 1102 334 1171 guntinam,
373 1119 479 1167 quae
508 1103 563 1153 ab
588 1106 646 1153 A.
676 1120 869 1171 Μαῦροι.
893 1104 1087 1154 demum
1112 1107 1298 1172 incipit,
1333 1108 1705 1174 Argentinenfis,
1738 1112 1902 1176 ignota

73 1199 289 1250 hactenus
313 1200 385 1249 vel
422 1201 538 1251 male
565 1202 812 1260 intellecta,
849 1203 1092 1267 praecedat.
1161 1204 1420 1254 Enimvero
1448 1207 1629 1271 publica
1657 1222 1702 1257 et
1732 1208 1899 1260 secula-

18 1228 26 1314 -v-a-

71 1299 130 1362 ris
156 1299 266 1348 tanti
293 1299 525 1357 miraculi,
560 1301 608 1348 in
634 1300 760 1348 urbis
785 1300 952 1349 nostrae
973 1302 1070 1350 sinu
1099 1303 1204 1360 nati,
1238 1307 1632 1355 commemoratio
1664 1322 1722 1356 eo
1747 1308 1897 1372 magis

72 1396 247 1466 arnobis
269 1395 544 1445 instituenda
567 1397 658 1445 hoc
678 1414 826 1456 anno,
862 1399 1019 1462 quod,
1056 1416 1164 1448 cum
1195 1400 1401 1465 superior
1423 1417 1530 1451 aetas
1556 1403 1735 1462 dubiis,
1771 1405 1898 1454 infir-

72 1493 179 1552 mis,
212 1494 361 1543 immo
382 1508 427 1544 et
457 1493 572 1544 falfis
603 1497 891 1560 argumentis
919 1513 1021 1545 rem
1057 1496 1136 1545 fibi
1170 1497 1373 1547 debitam
1407 1498 1642 1550 vindicare
1673 1500 1899 1568 sategerit,

19 1485 27 1588 -——-·

19 1589 200 1684 l-»nobis
221 1592 268 1640 in
289 1592 480 1642 clariore
503 1593 605 1641 luce
635 1592 940 1652 versantibus,
977 1595 1143 1644 veritas
1170 1595 1433 1655 evidentior
1457 1613 1657 1663 ponatur
1689 1600 1754 1648 ob
1777 1616 1895 1650 ocu-

20 1687 27 1797 Ι
67 1688 147 1747 los.
193 1690 247 1739 In
267 1691 430 1740 ceteris
452 1707 719 1755 prememus
750 1707 949 1740 avorum
973 1692 1175 1758 vestigia,
1204 1692 1412 1744 secularia
1434 1695 1567 1745 Sacra
1588 1695 1737 1760 prisco
1759 1715 1895 1749 more

67 1786 352 1848 renovaturi,
385 1806 444 1837 ne
478 1789 589 1839 tanti
626 1788 836 1839 beneficii
873 1791 1154 1838 memoriam
1186 1790 1442 1856 deposuisse
1461 1826 1475 1853 ,
1519 1808 1594 1844 aut
1624 1797 1733 1845 artis
1772 1812 1894 1863 prae-

67 1883 213 1946 elarae,
241 1887 362 1952 apud
389 1903 476 1938 nos
505 1887 734 1946 inventae,
769 1887 953 1937 laudem
978 1888 1218 1938 deseruisse
1244 1889 1499 1941 videamur.

20 1962 27 2070 i
90 2024 93 2027 '
123 2037 129 2043 ·
190 2017 409 2067 Produco
433 2017 561 2067 hunc
582 2019 630 2067 in
652 2018 792 2067 finem
813 2018 1079 2084 Ephebum,
1109 2009 1278 2069 sororis
1300 2020 1469 2070 nostrae
1489 2021 1652 2083 filium,
1678 2024 1890 2076 Carolum

21 2072 27 2187 i
71 2107 414 2178 Cbrssophorum
444 2112 711 2172 Eccardum,
746 2115 978 2164 literarum
1005 2117 1338 2167 humaniorum
1365 2118 1628 2181 Cultorem,
1656 2124 1738 2187 qui
1760 2126 1890 2175 Artis

66 2206 444 2272 Typographicae
481 2212 689 2259 tirocinia
727 2214 997 2274 proditurus
1020 2247 1033 2273 ,
1076 2213 1170 2279 iple
1201 2218 1308 2267 artis
1346 2217 1582 2268 Oratoriae
1618 2222 1887 2274 tirocinium

66 2300 166 2352 edet
186 2337 199 2361 ,
232 2317 368 2368 atque
398 2304 514 2354 adeo
549 2307 833 2358 Auditorum
855 2344 867 2368 ,
903 2327 1023 2375 quos
1058 2329 1114 2362 ex
1150 2315 1374 2365 omnibus
1404 2316 1668 2367 Ordinibus
1703 2318 1884 2370 decenti

0 2387 27 2476 ,i
64 2390 255 2450 formula
278 2402 332 2450 ad
360 2403 484 2452 hunc
506 2405 679 2452 Actum
699 2407 963 2466 invitamus,
985 2410 1322 2476 indulgentiam
1344 2429 1561 2463 meretur.
1619 2417 1883 2467 Habebitur

22 2481 28 2562 ἰ
63 2495 225 2546 Oratio
249 2501 469 2573 proximo
488 2500 561 2549 die
582 2502 722 2560 Iovis,
749 2505 831 2567 qui
860 2507 946 2556 erit
964 2522 1065 2558 xm.
1090 2508 1333 2571 Octobris,
1355 2511 1471 2562 hora
1495 2527 1537 2560 Χ.
1573 2513 1666 2567 ΡΡ.
1691 2515 1885 2583 Argen·

22 2573 28 2684 Ξ
63 2596 191 2646 tutati
217 2595 376 2651 Nonis
407 2597 634 2651 Octobris
656 2616 858 2651 Moccxr..
1779 2677 1880 2730 AD

22 2685 28 2729 ἢ
745 2686 751 2690 .
