2503 3444
681 296 793 375 'Q
872 295 1118 373 >(0)(
1194 295 1306 373 ορ
1795 323 1904 379 325

70 425 220 477 veteri
250 421 444 474 historia.
527 419 696 470 Scribit
725 418 918 484 quidem
939 425 1404 481 VV1T1cH1NDus,
1438 421 1706 473 Henricum
1740 425 1787 475 in
1824 443 1905 477 ex-

74 524 242 574 ercitiis
283 519 536 569 ludi‘tanta
568 518 818 566 eminentia
853 516 1075 582 superasse
1111 534 1309 578 omnes,
1367 533 1419 569 ut
1471 533 1701 571 terrorem
1743 528 1906 576 ceteris

5 612 18 615 ”
71 621 341 679 ostentaret3
375 618 522 681 atqui
551 632 607 664 ex
641 615 887 665 his'verbis
921 633 971 665 ea
1000 631 1106 681 quae
1138 616 1384 667 traduntur
1417 620 1745 673 extricaveris?
1785 624 1906 674 Non

71 733 168 767 uno
199 718 288 765 iarn
311 716 494 781 pridem
527 715 745 780 exemplo
783 713 995 764 Goldasti
1026 713 1226 778 suspecta
1259 716 1307 763 in
1345 695 1501 765 multis
1535 717 1622 767 fuit
1647 723 1904 773 auctoritas.

67 814 130 865 Et
156 814 238 882 ἱρῇ
263 817 510 862 Rex-:xm
526 828 598 862 Ro
626 815 816 876 eiusque
857 813 1274 862 Torneamentormn
1296 814 1439 863 Libro
1463 815 1553 863 iam
1575 815 1771 878 dudum,
1799 822 1902 884 plu-

67 913 198 962 rimis
230 927 287 960 ex
321 912 590 968 rationibus,
623 911 735 959 fides
758 910 821 959 est
848 909 1100 977 derogata3
1136 912 1267 965 cuius
1302 926 1456 961 tamen
1491 916 1751 965 narratione
1781 935 1899 982 prae.

65 1008 220 1059 sertim
243 1009 344 1057 haec
373 1009 583 1058 doctrina
610 1009 781 1058 nititur.
849 1010 947 1058 Hic
971 1008 1204 1059 Codicem
1228 1011 1487 1074 antiquum,
1498 1011 1724 1064 Saxonica
1743 1016 1902 1083 lingua

36 1112 39 1114 ’
67 1106 408 1172 conscriptum,
436 1111 482 1155 in
504 1124 601 1171 quo
629 1108 784 1155 omnis
807 1107 982 1156 horum
1007 1108 1252 1156 Ludorum
1275 1108 1459 1158 historia
1483 1113 1825 1173 contineretur,
1854 1116 1898 1166 se

66 1205 386 1272 Magdeburgi
421 1205 639 1254 invenisse
671 1206 936 1263 iactaverat,
966 1205 1039 1254 sed
1071 1222 1182 1255 cum
1204 1205 1262 1254 de
1287 1207 1431 1255 Libro
1453 1208 1559 1260 MS,
1587 1224 1925 1274 quaereretur„-

66 1319 176 1352 eum
203 1302 261 1350 de
289 1303 506 1352 industria
541 1303 739 1352 flammis
773 1303 1043 1353 mandatum
1075 1303 1162 1353 effe
1182 1303 1408 1369 professus
1435 1305 1513 1357 est,
1581 1308 1628 1356 Si
1656 1308 1776 1358 bona
1805 1310 1898 1362 fide

65 1400 114 1449 in
137 1400 230 1448 hoc
261 1402 453 1465 negotio
482 1400 681 1450 versstus
709 1401 816 1451 effet
840 1404 1037 1460 Auctor,
1072 1419 1156 1451 cur
1179 1401 1508 1452 concremass'et
1530 1403 1788 1467 Codicem,
1816 1424 1900 1457 cu·
1969 1462 1983 1471 „

63 1497 136 1549 ius
157 1499 421 1561 antiquitate
454 1497 565 1547 stare
594 1497 809 1562 potuisset
830 1501 1062 1548 Ruexneri
1084 1502 1346 1548 auctoritas.
1412 1499 1548 1565 Ergo
1569 1503 1672 1565 post
1695 1504 1918 1558 Hemici·

216 1597 430 1661 Aucupis
454 1609 666 1660 tempora
692 1595 959 1647 collocanda
988 1596 1185 1646 demum
1210 1596 1273 1646 est
1297 1596 1475 1647 horum
1495 1597 1742 1652 Ludorum

857 1692 1099 1743 institutio,

908 2669 975 2720 δε
1008 2686 1039 2733 3
1773 2675 1887 2728 VA-
