2503 3444
700 332 808 416 'Q
885 340 950 414 ><
988 365 1024 401 0
1065 299 1141 415 >c
1207 326 1318 417 aa*
1812 365 1917 424 323

80 473 204 513 extat
227 462 274 512 in
297 461 527 529 parietinis
550 461 682 512 Aulae
705 463 952 521 Leoninae,
990 479 1216 514 extructae
1239 466 1352 515 olim
1375 481 1397 515 a
1426 465 1582 516 Leone
1607 469 1685 519 m.
1711 468 1791 518 ubi
1822 470 1913 535 ipse

80 558 158 609 hie
195 561 292 609 Leo
319 575 364 610 et
386 561 585 611 Carolus
619 560 816 627 genibus
848 561 975 612 flexis
1005 576 1108 612 ante
1139 565 1182 612 S.
1205 564 1396 612 Petrum
1421 557 1658 624 sistuntur,
1698 568 1745 614 in
1778 567 1918 627 illam,

78 672 188 720 quae
221 675 310 723 pro
340 659 498 710 Caroli
530 660 673 709 Barba
706 660 998 725 pronuntiat,
1039 659 1307 710 sententiam
1338 678 1447 710 cum
1475 662 1781 713 THuLssMA
1799 680 1913 725 Rio,

79 752 213 804 ΜΑΒ
232 773 481 807 atomo
505 759 692 823 aliisque
724 757 878 807 sumus
910 758 1243 822 procliviore85
1278 772 1414 822 atque
1437 759 1552 808 adeo
1577 761 1761 827 allegata
1782 761 1914 828 supe-

0 908 1 912 *
77 852 174 902 rius
196 854 478 919 Diplomata,
513 873 568 905 ex
593 857 684 906 hoc
706 855 1025 914 fundamento,
1049 857 1243 906 minime
1267 857 1386 905 inter
1416 857 1566 922 spuria
1586 857 1673 906 effe
1697 874 1914 924 reputan-

0 972 2 1006 1
75 947 134 999 da
159 952 418 1004 censemus:
455 954 559 1004 licet
589 954 677 1020 ipsa
702 954 805 1003 haec
832 970 1025 1018 quoque
1052 956 1207 1021 Sigilla
1231 956 1408 1004 ratione
1438 955 1578 1021 ipsius
1603 956 1757 1006 barbae
1787 957 1909 1008 haud

73 1049 274 1100 omnino
302 1054 607 1112 conveniant,
643 1069 752 1102 cum
777 1053 855 1102 alia
882 1052 1116 1103 modicam
1141 1055 1219 1102 alia
1246 1054 1472 1118 prolixam
1506 1053 1764 1105 exhibeant.

207 1150 290 1200 VI.
359 1151 573 1201 Extincta
596 1152 758 1202 Caroli
783 1152 949 1218 Magni
982 1152 1028 1199 in
1052 1152 1306 1201 Germania
1343 1151 1480 1217 stirpe
1510 1169 1621 1201 cum
1647 1153 1911 1214 Ludovico,

0 1288 3 1315 :
75 1238 445 1315 Carolingorum
482 1266 564 1315 per
599 1248 825 1299 masculos
860 1251 1042 1307 ultim0,
1076 1248 1382 1299 Conradus'et
1416 1250 1519 1315 post
1550 1265 1658 1299 eum
1687 1250 1910 1303 Henricus

74 1344 251 1411 Auceps
281 1349 418 1395 creati
449 1346 548 1396 sunt
572 1348 840 1397 Germaniae
865 1347 1031 1414 Reges.
1102 1350 1177 1397 De
1206 1347 1278 1397 his
1306 1347 1426 1397 haud
1451 1349 1688 1397 immerito
1714 1349 1908 1414 disputa-

75 1454 165 1500 tur,
190 1458 303 1492 num
330 1445 376 1493 in
401 1450 740 1510 Imperatorum
770 1461 968 1494 numero
991 1459 1114 1494 recte
1136 1447 1445 1504 collocentur,
1475 1463 1530 1494 an
1559 1462 1616 1494 ex
1647 1447 1909 1498 eorundem

73 1537 183 1589 serie
213 1545 367 1606 potius
392 1542 478 1592 fint
499 1541 812 1609 expungendi.
880 1543 1061 1601 Scilicet
1094 1544 1184 1593 iam
1209 1560 1231 1592 a
1255 1543 1414 1593 Caroli
1439 1542 1580 1593 Craffi
1614 1545 1908 1608 temporibus

73 1637 144 1685 illa
175 1639 384 1688 Francici
425 1641 616 1704 Imperii
657 1655 912 1704 compages
945 1640 1189 1705 disrupta,
1224 1641 1361 1692 variis
1404 1641 1450 1688 in
1493 1641 1613 1689 Italia
1652 1641 1905 1705 praesertim

71 1736 279 1786 motibus
310 1737 497 1786 dederat
524 1736 843 1796 occafionem3
881 1753 987 1800 quae
1019 1738 1138 1785 inter
1162 1737 1466 1792 Guidonem‚
1501 1736 1837 1804 Berengarium
1860 1754 1905 1791 et

71 1833 373 1884 Lambertum
404 1834 634 1893 distracta,
662 1835 717 1884 ab
742 1834 992 1900 Arnulpho
1016 1849 1192 1899 pacata,
1221 1833 1294 1884 sed
1323 1851 1381 1884 eo
1403 1849 1597 1884 mortuo
1620 1837 1758 1886 novis
1786 1839 1901 1888 civi-

71 1931 190 1980 libus
219 1932 347 1982 bellis
368 1932 521 1982 rursus
542 1931 768 1990 concussa,
791 1932 969 1981 nonnisi
990 1932 1187 1982 Ottonis
1211 1934 1377 1999 Magni
1400 1934 1664 1983 interventu
1692 1933 1783 1984 suae
1805 1949 1902 1987 tan-

70 2027 180 2078 dem
215 2029 415 2080 restituta
450 2030 513 2080 est
537 2031 868 2094 tranquillitati,
905 2031 1094 2095 Imperii
1117 2030 1316 2080 Romani
1347 2032 1596 2097 Regnique
1623 2032 1765 2081 Italici
1789 2034 1898 2083 titu-

70 2129 123 2178 lis
153 2143 331 2178 aeterno
361 2128 536 2179 foedere
570 2145 679 2177 cum
713 2129 983 2178 Germaniae
1012 2129 1181 2194 Regno
1215 2130 1488 2178 coniunctis.
1585 2129 1674 2178 Per
1707 2130 1795 2180 hos
1823 2145 1897 2182 tu-

69 2215 244 2277 multus
273 2241 427 2293 erepta
452 2228 703 2278 Germanis
733 2227 910 2276 illarum
940 2227 1208 2292 Regionum
1237 2225 1472 2292 poffeffi03
1509 2226 1613 2292 ipfis
1649 2244 1776 2278 nunc
1807 2231 1896 2280 Ita·

70 2324 137 2384 lis,
162 2341 286 2374 nunc
307 2318 595 2392 Burgundis,
622 2341 748 2374 nunc
771 2324 1109 2374 Arelatenfibus
1137 2341 1291 2373 rerum
1316 2325 1545 2375 summam
1572 2325 1627 2374 ad
1649 2324 1691 2380 se
1715 2323 1899 2377 trahen-

4 2434 7 2477 «ζ
67 2423 202 2473 tibus.
267 2423 397 2473 Salva
430 2437 581 2473 tamen
607 2423 776 2471 interea
799 2422 1070 2471 Germaniae
1099 2423 1314 2489 Regibus,
1348 2423 1574 2474 Conrado
1608 2437 1653 2472 et
1680 2424 1896 2474 Henrico

70 2521 144 2572 sua
177 2520 380 2570 manfiffe
418 2521 465 2570 in
501 2520 673 2570 Italiam
714 2521 809 2570 iura
845 2519 1051 2584 plerique
1083 2521 1401 2581 existimanus
1427 2521 1597 2584 quibus
1634 2536 1723 2571 nos
1762 2521 1894 2573 fiicile

0 2622 9 2664 i·
47 2618 398 2685 raffentiremUS,
430 2618 460 2671 fi
482 2618 626 2670 solido
655 2617 960 2670 fundamento
984 2619 1170 2685 probari
1196 2611 1356 2687 po'ss'et,
1391 2618 1604 2672 constans
1634 2620 1822 2686 aliquod
1849 2632 1894 2670 et

965 2718 1027 2770 Ss
1064 2736 1091 2772 2
1797 2733 1897 2784 per-
