2503 3444
0 1454 10 1467 ·
1 865 4 868 ,

22 1579 29 1974 -—-.---·.N--—.-ae--—-v
24 1381 30 1543 „a”
24 1013 32 1349 -ω-Μηκ--νη
25 788 32 976 --—-—-——--

695 276 804 355 'Q
882 276 1131 353 )(0)(
1205 277 1318 354 «β’
1816 301 1929 355 159

29 406 33 445 ἕ
101 411 220 462 rium
251 407 468 456 infantem
501 413 857 467 promoverunt.
938 401 1094 450 Prima
1121 401 1380 450 Literarum
1420 401 1630 452 tirocinia
1664 403 1711 451 in
1745 402 1924 453 aedibus

100 506 296 572 paternis
333 501 498 550 tenello
538 516 684 565 puero
716 500 882 563 privati
920 499 1188 548 instillavere
1222 499 1424 565 magistri
1447 532 1461 558 ,
1496 516 1553 549 eo
1585 499 1777 564 quidem
1812 517 1922 550 cum

98 600 316 657 successu,
350 613 400 647 ut
427 598 625 664 egregiis
649 598 743 645 eius
767 597 941 662 ingenii
965 596 1151 644 dotibus
1176 596 1471 660 discendique
1491 597 1657 646 ardore
1689 600 1921 649 commoti

95 699 309 750 Parentes
359 695 414 744 acl
474 692 801 743 Neosiadiense
847 693 971 758 apud
1025 693 1548 758 Schwarzenburgens'es
1606 696 1921 760 Gymnasium

92 795 374 846 dimitterent
405 791 583 852 filium3
618 792 697 839 ubi
730 808 779 840 ea
813 791 895 856 ipsi
929 792 1116 860 felicitas
1151 793 1382 857 contigit,
1417 806 1470 840 ut
1503 790 1776 842 doctiffimae
1809 796 1920 846 Fra-

92 906 217 944 trum
239 891 571 956 Schragiorum
605 890 751 954 bigae,
787 905 993 953 quorum
1011 890 1134 937 -alter
1156 890 1300 954 Lycei
1334 890 1453 938 illius
1478 888 1648 939 Praeses
1681 905 1725 939 et
1751 893 1918 942 Mode-

91 1005 216 1054 rator
246 1004 363 1045 erat,
399 989 506 1037 alter
540 986 789 1035 Medicinae
827 988 1057 1036 Praeticus
1090 987 1327 1050 hodieque
1360 987 1407 1034 in
1443 987 1562 1035 vivis
1592 986 1656 1035 est
1668 1022 1682 1046 ‚
1717 989 1917 1055 hospitio

91 1087 492 1149 contubernioque
525 1084 767 1133 frueretur.
845 1086 1049 1147 Utrique
1082 1068 1145 1132 ob
1176 1084 1455 1148 probitatem
1494 1085 1758 1149 indolisque
1793 1105 1916 1152 prae-

92 1184 295 1234 stantiam
330 1186 374 1230 in
400 1183 570 1231 deliciis
594 1181 737 1230 fuerat
757 1180 1044 1239 Schoelerus‚
1081 1183 1127 1229 in
1161 1181 1317 1230 studiis
1341 1181 1724 1242 humanioribus,
1761 1185 1913 1249 philo-

90 1280 285 1346 sophicis
316 1283 593 1358 ceterisque‚
627 1296 732 1342 quae
763 1293 929 1327 ornant
961 1281 1227 1344 ingenium,
1264 1277 1512 1343 disciplinis
1547 1294 1592 1328 et
1621 1281 1792 1332 artibus
1818 1298 1912 1334 tam

90 1379 274 1446 egregie
302 1377 530 1425 institutus
542 1410 555 1433 ,
591 1391 642 1424 ut
671 1392 930 1442 graecarum
966 1376 1215 1439 praesertim
1252 1376 1509 1423 Literarum
1541 1390 1586 1424 et
1613 1379 1914 1442 Antiquitatis

89 1476 296 1525 doctrina
330 1491 425 1538 prae
455 1475 608 1522 multis
639 1473 732 1521 aliis
758 1473 880 1521 haud
914 1473 1076 1521 leviter
1108 1471 1315 1520 imbutus
1348 1473 1597 1521 videretur.
1668 1475 1911 1544 Schragia-

86 1589 200 1622 num
222 1573 580 1620 contubernium
607 1573 729 1619 viam
754 1570 834 1634 ipsi
863 1570 920 1617 ad
942 1569 1195 1618 Medicinae
1219 1585 1473 1619 acroamata
1497 1570 1748 1635 aperuerat,
1778 1578 1910 1628 cuius

82 1670 375 1719 fundamenta
402 1685 510 1716 cum
537 1667 708 1715 ibidem
733 1667 869 1714 solide
893 1667 1082 1723 iecisset,
1131 1666 1186 1714 ad
1211 1666 1513 1715 Colonienses
1537 1667 1642 1715 dein
1671 1671 1910 1734 profectus

83 1767 170 1823 est,
214 1780 264 1814 ut
297 1765 374 1812 sub
421 1765 705 1812 celeberrimi
741 1763 1032 1821 Steinhaufii,
1069 1763 1292 1812 Doctoris
1326 1778 1372 1812 et
1402 1764 1673 1815 professoris
1714 1769 1907 1832 Medici,

82 1862 286 1927 auspiciis
332 1878 450 1926 opus
488 1862 676 1909 feliciter
714 1862 1016 1923 continuaret.
1112 1860 1419 1910 Continuavit
1444 1862 1554 1911 illud
1588 1880 1670 1927 per
1698 1881 1906 1920 annuum

83 1934 418 2026 spatiim‘miro
446 1957 639 2018 fidissimi
673 1958 978 2020 Praeceptoris
1004 1956 1066 2004 sui
1093 1973 1202 2004 cum
1238 1957 1475 2022 applausu,
1511 1958 1662 2007 donec
1696 1963 1906 2017 ultimam

84 2058 350 2108 academicis
385 2056 613 2104 laboribus
653 2055 949 2119 impositurus
981 2071 1172 2102 manum
1195 2088 1209 2112 ‚
1243 2054 1299 2102 ad
1335 2056 1740 2121 Argentoratenses
1772 2062 1904 2113 deni-

82 2172 173 2220 que
212 2153 354 2203 mussis
383 2153 542 2201 avidus
573 2153 828 2214 ardensque
859 2151 1128 2209 advolaret,
1165 2167 1215 2199 ut
1248 2152 1448 2217 insignes
1482 2155 1694 2219 famaque
1728 2162 1903 2209 notiss-

83 2269 186 2302 mos
206 2253 387 2301 latrices
412 2250 575 2299 nostrae
597 2250 890 2297 Triumviros
917 2251 1098 2314 publice
1122 2251 1432 2313 privatimque
1467 2250 1688 2302 docentes
1710 2257 1898 2310 audirer.

81 2349 283 2411 Suscepit
332 2350 585 2413 ingenuum
630 2347 879 2396 Academia
925 2347 1096 2395 Civem
1143 2347 1248 2411 ipsis
1291 2329 1698 2413 Annilsuperioris
1742 2354 1900 2407 Idibus

84 2446 225 2508 Majis
259 2458 302 2491 et
334 2445 542 2508 praeclara
568 2443 709 2492 statim
745 2460 841 2491 non
873 2442 1048 2508 sperare
1071 2458 1281 2500 tantum,
1317 2444 1390 2492 sed
1423 2460 1466 2492 et
1494 2446 1727 2495 considere
1757 2454 1899 2516 coepit

83 2542 140 2591 de
193 2542 365 2591 Iuvene
386 2573 400 2600 2
453 2539 655 2591 sublimia
703 2542 880 2605 quaevis
932 2555 1143 2591 veterum
1181 2557 1225 2592 et
1282 2544 1537 2592 recentium
1594 2544 1896 2599 Medicorum

1700 2643 1895 2711 dogma·
