2585 3485
0 0 730 295 Γῇ

690 329 1124 408 ''QXOX
1202 331 1414 405 οβ’-ν
1839 354 1912 405 29

86 471 185 518 tur,
229 458 353 507 ciues
398 455 532 517 domi
566 469 676 502 cum
718 455 874 519 inopia
918 454 1184 514 certabant3
1232 467 1384 518 partae
1423 456 1545 520 apud
1577 467 1761 506 exteros
1797 471 1914 519 opes

83 556 206 622 apud
229 570 412 605 exteros
438 569 629 618 quoque
654 551 805 601 rursus
837 551 1082 617 diffipatae.
1151 552 1317 618 Longe
1350 552 1524 602 diuersa
1563 569 1699 620 atque
1736 554 1916 606 felicior

84 655 257 703 Galliae
281 640 640 703 sub'Borboniis
675 653 814 708 ratio,
864 650 1131 700 Auditores.
1197 650 1542 715 Triumphatur
1576 638 1777 717 potentis
1799 656 1914 705 Gal-

83 751 164 802 liae
201 752 370 816 opibus
394 784 407 803 2
449 765 493 798 et
530 749 661 798 sentit
700 749 846 799 Gallia
887 748 1115 813 triumphi
1148 746 1212 796 sui
1243 749 1588 811 emolumenta3
1625 753 1784 803 crescit
1822 756 1913 804 im·

82 849 292 899 mensum
330 849 502 898 Galliae
527 848 800 912 imperium,
836 861 880 896 et
904 864 1013 896 cum
1044 846 1141 912 ipso
1165 845 1281 911 ipsae
1308 863 1500 911 quoque
1521 850 1694 899 ciuium
1727 851 1913 904 diuitiae

83 946 361 995 immensum
407 961 663 1013 augentur:
712 947 932 1012 Regnum
982 944 1122 1010 quod.
1153 945 1501 1012 magnitudine,
1539 947 1664 997 idem
1719 967 1913 1016 quoque

83 1045 302 1109 dignitate
327 1078 340 1103 ‚
374 1058 539 1108 ornatu
579 1057 624 1092 et
654 1046 870 1093 omnium
908 1061 1066 1092 rerum
1111 1043 1454 1109 magnificentia
1494 1047 1650 1096 creuit.
1755 1051 1912 1114 Atque

81 1140 158 1190 hic
195 1143 268 1189 vel
322 1158 399 1190 me
443 1156 653 1200 tacente,
719 1156 788 1190 tot
831 1141 1111 1206 stupendae,
1161 1144 1331 1205 quibus
1372 1144 1651 1194 Francicum
1686 1146 1911 1212 Regnum

81 1237 239 1305 paffim
279 1240 502 1304 superbit,
539 1239 852 1289 aedificiorum
884 1240 1029 1289 moles
1057 1240 1326 1317 loquuntur.
1393 1245 1672 1305 Loquuntur
1715 1258 1786 1292 tot
1824 1249 1910 1295 Ar-

80 1353 155 1386 ces
187 1338 382 1404 Regiae,
418 1352 487 1387 tot
534 1354 646 1386 auro
689 1355 1016 1401 marmoreque
1047 1337 1238 1404 superba
1278 1339 1446 1388 Palatia.
1515 1342 1798 1404 Loquuntur
1839 1358 1910 1395 tot

81 1438 390 1494 munimenta,
426 1449 496 1484 tot
517 1435 654 1483 castra
681 1468 693 1492 2
730 1449 800 1483 tot
832 1434 965 1483 coelo
1002 1433 1215 1483 admotae
1243 1448 1418 1488 turres,
1455 1450 1525 1485 tot
1546 1454 1740 1488 omnem
1775 1442 1909 1509 inge-

79 1534 144 1582 nii
174 1534 362 1582 humani
387 1533 654 1582 industriam
683 1531 779 1580 fere
807 1530 1066 1597 superantes
1089 1532 1342 1582 machinae.
1410 1535 1692 1598 Loquuntur
1721 1552 1792 1588 tot
1824 1541 1907 1590 sta-

80 1644 206 1689 tuae,
242 1631 428 1689 colom,
465 1646 534 1680 tot
580 1647 734 1689 arcus>
772 1644 841 1679 tot
882 1645 1031 1681 erecta
1060 1647 1118 1679 ex
1152 1632 1385 1681 Francicis
1419 1634 1627 1684 victoriis
1661 1636 1907 1702 trophaea}

81 1743 302 1793 perpetua
333 1744 379 1778 et
401 1746 498 1778 non
532 1729 611 1778 nisi
634 1739 747 1778 cum·
779 1730 892 1778 orbe
924 1731 1124 1795 peritura
1151 1730 1416 1780 Borboniae
1440 1733 1610 1784 Gentis
1638 1737 1908 1802 triumpho-

82 1839 188 1873 rum
207 1825 487 1873 documenta
566 1826 626 1872 Et
656 1828 769 1888 quid
793 1827 1186 1892 magnificentius,
1224 1830 1337 1893 qnid
1361 1831 1556 1882 excelsae
1578 1835 1639 1882 illi
1663 1836 1906 1887 coelorum

81 1922 254 1988 Regiae
275 1922 468 1986 propius
497 1923 749 1987 excogitari
773 1924 950 1986 potest,
987 1941 1128 1987 quam
1166 1926 1578 1988 splendidissimum
1610 1933 1720 1980 illud
1752 1935 1910 1986 Versa-

79 2020 241 2069 liarum
284 2019 528 2082 palatium:
583 2019 907 2086 Augustiffima
957 2021 1601 2085 LVDOVICORVM‚
1656 2029 1755 2078 imo
1807 2033 1906 2095 ipso

78 2118 321 2185 gentilium
345 2118 459 2165 Ioue
489 2117 747 2182 digniffima
781 2117 935 2179 sedes3
972 2121 1220 2177 maximae,
1254 2120 1285 2168 fi
1319 2137 1436 2185 quae
1466 2140 1679 2191 vnquam
1704 2127 1751 2175 in
1777 2132 1908 2181 terris

78 2215 186 2274 fuit,
219 2216 406 2280 Regum
444 2215 811 2281 magnificentiae
842 2216 1100 2280 exemplar,-
1135 2217 1327 2266 coeleste
1357 2222 1561 2271 numinis
1583 2224 1752 2274 Gallici
1777 2227 1906 2278 habi-

79 2313 305 2364 taculum:
332 2325 335 2328 ⁴
362 2329 519 2361 nonne
572 2314 919 2378 incomparabili
961 2315 1314 2370 Borboniorum
1360 2320 1595 2370 Maiestate
1638 2338 1904 2379 ceterorum

81 2408 374 2474 splendorem
417 2411 691 2475 Principum
742 2426 918 2461 tantum
957 2412 1153 2478 superari
1185 2415 1393 2475 testatur,
1429 2434 1654 2481 quantum
1686 2425 1904 2487 exiguam
1950 2468 1961 2475 ,

79 2508 271 2561 Romuli
321 2509 608 2574 Martigenae
647 2509 788 2560 casam
832 2509 1014 2575 spatio&
1059 2512 1129 2563 illa
1174 2514 1373 2581 Augusti
1423 2516 1584 2576 Palatia
1621 2519 1905 2585 superarunt.

77 2606 224 2670 Viget
255 2605 326 2654 ille
360 2606 622 2657 Borbonius
661 2607 878 2674 splendor
899 2608 1157 2673 hodieque,
1193 2612 1458 2665 Auditores.
1525 2616 1698 2669 Reddit
1730 2621 1793 2671 ibi
1827 2623 1905 2675 sua

980 2707 1027 2759 D
1065 2725 1087 2765 3
1800 2736 1903 2771 ora-
