2539 3475
684 347 795 422 ‘Q
873 281 1120 420 )(01><
1198 343 1311 421 «β’
1840 365 1916 432 87

38 455 42 525 l
81 470 380 526 donicianum
403 486 486 537 per
517 484 716 534 aequora
749 482 796 517 et
829 481 994 527 terraS,
1028 485 1114 535 per
1155 469 1475 522 remotiffimas
1504 474 1722 541 regiones
1761 477 1912 544 impe-

0 594 1 597 *
37 591 42 648 ξ
80 573 217 624 rium.
284 571 474 620 Cernite
512 567 804 633 triumphalia
837 567 1056 617 Franciae
1100 568 1149 616 in
1186 571 1445 634 praecipuis
1478 585 1622 624 terrae
1657 574 1912 628 habitabilis

0 672 2 701 ÷
37 649 42 732 l
81 670 284 737 partibus
324 668 550 735 insignia,
593 684 734 731 quam
767 666 967 716 iucunda
997 666 1133 716 vobis
1173 670 1259 716 erit
1287 667 1579 734 superiorum
1620 672 1912 739 Principum,

37 752 41 777 l

0 780 3 800 ²
36 781 41 842 ᾗ
80 784 191 823 cum
221 766 444 832 Delphini
484 765 726 831 praesentis
757 764 999 824 felicitate,
1034 767 1336 831 comparatio.
1403 768 1608 828 Scilicet,
1639 785 1690 820 vt
1719 788 1803 836 per
1830 774 1936 823 ali-.

0 884 2 889 ·
36 863 41 926 ἰ
77 880 198 931 quot
226 866 392 924 secula,
428 866 547 915 circa
572 860 766 914 matrem
787 863 911 913 suam
944 864 1061 913 olim
1084 865 1249 915 luctata
1275 865 1338 914 est
1367 868 1469 916 Dea
1489 867 1559 916 illa
1577 869 1792 935 gentium
1811 871 1911 921 Ro-

0 977 2 989 ¹
35 929 40 1010 l
79 980 182 1020 ma·‚
213 965 269 1013 ita
294 981 376 1012 nec
407 965 703 1013 transmarina
734 963 925 1028 imperia
946 962 1028 1011 fibi
1057 963 1336 1028 quaefiuerat
1357 964 1531 1026 Gallia5
1567 965 1648 1015 nisi
1671 967 1910 1035 religionis

0 1081 2 1087 ’
35 1078 39 1124 l
72 1061 405 1128 propagandae
428 1062 529 1110 zelo
562 1060 617 1111 ad
644 1060 850 1110 visendas
886 1061 1179 1111 barbararum
1206 1064 1419 1129 gentium
1454 1081 1558 1114 oras
1585 1066 1776 1115 subinde
1806 1084 1911 1133 per-

34 1143 39 1204 l
78 1173 218 1210 mota.
284 1160 503 1210 Seculum
528 1158 614 1218 est,
649 1175 705 1208 ex
736 1175 833 1223 quo
852 1160 1070 1210 Francica
1103 1154 1204 1210 Gela
1240 1162 1370 1221 altius
1407 1161 1662 1229 assurgere,
1698 1164 1908 1217 obsidere

33 1271 38 1316 f
77 1257 240 1316 maria,
275 1272 320 1306 et
341 1271 548 1306 veterum
568 1257 748 1308 Oceani
778 1258 1085 1308 dominorum
1115 1259 1469 1309 aemulationem
1505 1263 1703 1312 excitare
1739 1280 1908 1329 coepe-

33 1323 38 1425 ἰ
76 1369 198 1408 tunt.
263 1355 353 1406 Sed
386 1354 567 1405 nonnisi
606 1356 708 1420 post
731 1357 899 1421 Magni
939 1356 1058 1405 illius
1091 1358 1314 1424 Delphini
1350 1374 1594 1419 exortum,
1639 1361 1909 1413 Mediterra-

32 1431 37 1506 l
74 1470 218 1505 neum
246 1470 357 1502 cum
383 1459 605 1512 Oceano,
637 1451 888 1501 Orientem
908 1468 1021 1502 cum
1044 1453 1309 1504 Occidente
1345 1457 1635 1523 coniungere
1677 1472 1724 1506 et
1765 1459 1908 1510 veluti

32 1535 37 1629 f
67 1568 358 1616 aequoreum
387 1552 622 1616 Neptuno
641 1534 873 1616 {ceptrum
897 1565 1112 1601 excutere
1137 1555 1293 1619 coepit
1324 1555 1534 1621 Magnus
1556 1555 1628 1604 ille
1659 1557 1799 1606 maris
1823 1557 1910 1608 do-

32 1637 36 1724 l
75 1650 277 1703 minator
311 1649 597 1699 Ludouicus.
666 1650 866 1700 Miratus
905 1651 969 1701 est
1009 1652 1136 1702 orbis
1167 1653 1357 1703 liliatum
1402 1653 1678 1717 tridentem3
1715 1656 1908 1707 miratus

31 1725 35 1799 l
74 1748 296 1797 Oceanus
322 1763 502 1796 nouum
534 1749 834 1812 Neptunum.
901 1750 1033 1799 Haec
1057 1751 1134 1800 Te
1164 1751 1414 1816 aliquando
1444 1767 1654 1819 expectat
1686 1757 1907 1820 potentia,

30 1802 35 1920 l
76 1843 287 1911 Auguste
318 1844 566 1909 Delphine.
634 1844 713 1895 Ad
742 1846 852 1896 Tua
895 1848 1170 1909 incunabula
1208 1866 1270 1900 ex
1315 1852 1453 1902 maris
1486 1851 1729 1917 profundo
1768 1869 1908 1920 caput

74 1943 255 1991 extollit
290 1943 547 2008 longaeuus
578 1941 650 1990 ille
683 1943 893 2001 Nereus,
928 1961 1038 1993 cum
1076 1949 1288 1996 caeruleo
1323 1949 1612 2008 Nereidum,
1647 1951 1906 2017 Nympha-

63 2056 181 2098 rum
217 2039 658 2104 Delphinorumque
698 2040 921 2090 Tuorum
963 2044 1181 2093 exercitu.
1248 2045 1363 2114 'lgibi
1400 2045 1607 2112 Principi
1644 2063 1776 2111 nouo
1814 2050 1907 2100 iam

68 2139 287 2189 necinunt
307 2138 547 2196 Tritones,
577 2151 623 2186 et
650 2138 882 2197 naualibus
907 2140 1028 2201 Tuis
1053 2142 1167 2200 olim
1192 2143 1444 2208 triumphis
1466 2144 1754 2210 praeludunt.
1823 2147 1906 2198 Tu

72 2250 200 2301 parta
235 2250 450 2301 potenter
483 2236 710 2298 tueberis;
747 2242 820 2287 Tu
857 2238 996 2304 partis
1036 2256 1158 2306 noua
1189 2239 1332 2307 spolia
1368 2242 1576 2306 adiicies;
1610 2246 1684 2294 Tu
1720 2260 1904 2296 nouum

71 2332 258 2395 aliquod
282 2333 401 2384 sidus
429 2335 741 2388 dominaberis
775 2338 917 2396 mari,
953 2351 997 2386 et
1032 2338 1233 2390 adultam
1254 2340 1430 2392 Galliae
1463 2342 1670 2393 naualem
1702 2343 1903 2410 gloriam

47 2430 129 2480 ad
162 2429 395 2482 summum
429 2432 659 2499 fastigium
693 2434 932 2500 perduces.
999 2435 1232 2487 Trement
1257 2438 1313 2489 ad
1347 2454 1514 2488 nutum
1535 2441 1703 2490 Tuum
1728 2442 1902 2493 Africa·

58 2544 156 2584 ‚nae
190 2542 235 2577 et
258 2527 476 2580 Asiaticae
503 2548 697 2597 puppes.
764 2533 997 2583 Trement
1031 2535 1236 2586 monstra
1271 2537 1344 2586 illa
1380 2539 1578 2596 marina,
1614 2555 1730 2602 quae
1760 2540 1902 2593 Chri-

54 2625 219 2679 -ssianis
254 2627 518 2683 Oceanum.
540 2629 742 2685 reddunt
783 2630 997 2689 infestum
1007 2649 1022 2696 3
1039 2647 1094 2693 ¹et
1127 2651 1239 2695 cum
1264 2634 1321 2687 ad
1347 2635 1454 2687 Tua
1481 2637 1739 2702 primordia
1767 2637 1900 2690 ferox

1826 2736 1899 2784 illa
