2503 3444
1 2725 5 2753 l

681 387 792 465 'Q
867 388 1114 483 )(<>,)(
1191 385 1304 464 ss
1805 409 1915 467 313

226 518 281 566 ΙΙ.
347 498 489 562 Urbis
526 511 695 561 Romae
736 510 1093 560 exstructionem
1125 513 1386 577 Scriptores
1420 510 1610 574 quidam
1653 511 1915 563 adscribunt

96 611 297 668 Graecis,
333 610 404 659 alii
425 609 670 667 Troianis,
706 608 913 673 plerique
943 609 1162 658 Romulo.
1244 610 1445 659 Graecos
1479 609 1512 657 fi
1547 608 1722 668 audias,
1758 607 1910 661 Roma

94 707 278 757 condita
305 706 389 755 fuit
412 707 484 754 vel
506 722 530 755 a
552 706 753 772 Pelasgis
764 739 777 763 ,
808 708 890 770 qui
923 723 946 756 a
980 707 1059 756 suo
1092 708 1138 756 in
1167 708 1305 757 armis
1336 707 1508 755 robore
1531 708 1695 756 urbem
1729 723 1911 757 nuncu-

90 806 242 869 parint
311 793 499 864 Pw‘unv3
555 804 629 851 vel
665 818 689 851 a
728 804 887 853 Romo
919 804 1093 869 Ulyffis
1129 818 1174 853 et
1214 805 1376 855 Circes
1407 804 1524 865 fili03
1559 806 1631 854 vel
1675 806 1730 854 ab
1761 807 1906 856 Achi-

92 902 178 959 vis,
207 894 289 964 qui
323 891 452 964 capta
477 901 624 949 Troia
651 900 706 949 ad
743 901 956 949 Tiberim
994 902 1206 950 venerint
1236 916 1281 951 et
1309 918 1483 951 novam
1513 902 1676 951 urbem
1710 903 1906 968 appella-

91 999 183 1048 rint
215 998 430 1055 Romam,
459 998 516 1045 de
543 998 735 1046 nomine
762 1000 955 1062 captivae
976 1000 1202 1058 Troianae,
1227 1000 1357 1049 cuius
1379 1000 1575 1064 impulsu
1606 1016 1744 1049 naves
1767 1002 1906 1050 Grae-

93 1109 260 1143 corum
289 1095 344 1143 ab
376 1111 542 1143 eorum
569 1096 792 1143 uxoribus
820 1095 987 1144 fuerint
1018 1097 1236 1156 incensae3
1272 1098 1448 1154 salubri,
1482 1097 1613 1160 quod
1646 1098 1793 1146 exitus
1826 1098 1908 1146 do-

94 1193 203 1249 cuit,
232 1191 431 1239 consilio.
499 1192 718 1240 Troianis
746 1191 863 1240 hanc
886 1193 1084 1258 gloriam
1113 1193 1372 1252 vindicant,
1404 1195 1486 1258 qui
1507 1194 1704 1243 AEneam
1737 1193 1908 1243 faciunt

93 1289 414 1345 conditorem,
450 1288 508 1335 de
538 1287 614 1335 filii
646 1289 718 1335 vel
753 1279 856 1336 filiae
887 1291 1077 1338 nomine
1106 1306 1280 1338 nomen
1305 1291 1408 1338 urbi
1443 1291 1736 1339 tribuentem:
1801 1294 1907 1341 Irno

46 1381 49 1384 ⁴
95 1384 222 1435 iuxta
242 1387 352 1434 alios
382 1385 530 1433 Roma
550 1386 768 1433 Troianis
794 1383 1003 1449 superior
1025 1387 1088 1434 est
1110 1388 1411 1452 temporibus.
1480 1388 1606 1452 Quae
1623 1389 1780 1437 omnia
1807 1386 1906 1437 sane

96 1484 262 1547 partim
285 1480 406 1544 apud
435 1481 729 1545 Dionysium,
759 1484 923 1545 partim
947 1482 1067 1547 apud
1099 1484 1411 1542 Plutarchum,
1445 1485 1672 1542 Solinum,
1694 1484 1904 1533 Festum-

95 1594 186 1643 que
213 1579 455 1644 leguntur3
490 1577 562 1626 sed
592 1579 711 1627 haud
738 1580 973 1628 immerito
1005 1596 1194 1644 quoque
1219 1595 1270 1629 ut
1298 1582 1470 1630 incerta
1493 1595 1538 1629 et
1571 1579 1669 1629 falla
1692 1582 1906 1630 reiiciun·

96 1675 184 1724 fur.
252 1676 299 1724 Si
332 1675 412 1737 qui
441 1675 566 1721 enirn
597 1673 652 1722 ad
678 1675 881 1723 Tiberim
914 1678 1181 1742 navigantes
1212 1677 1490 1741 oppidulum
1524 1679 1571 1724 in
1605 1678 1805 1727 Palatino
1829 1691 1906 1728 aut

97 1773 323 1836 proximis
353 1771 546 1819 collibus
577 1772 858 1829 excitarunt,
887 1773 933 1820 id
968 1775 1180 1836 profecto
1218 1774 1338 1822 aliud
1371 1774 1426 1823 ab
1453 1770 1583 1823 Urbe
1621 1775 1768 1824 Roma
1806 1775 1904 1833 fuir,

98 1883 237 1932 quam
264 1866 416 1932 postea
444 1868 672 1916 Romulus
695 1868 867 1930 posuit,
903 1871 999 1917 imo
1025 1869 1134 1917 illud
1167 1870 1314 1934 ipsum
1340 1887 1448 1919 cum
1474 1870 1571 1934 ipso
1595 1872 1786 1919 nomine
1809 1869 1909 1920 suc·

92 1963 217 2014 ‘cessu
240 1965 464 2028 temporis
497 1963 676 2022 defecit,
709 1978 754 2013 et
791 1966 923 2014 locus
951 1967 1167 2016 Romano
1195 1969 1370 2017 ambitu
1404 1968 1598 2017 inclusus
1634 1984 1742 2017 cum
1775 1969 1908 2018 Urbe

97 2063 311 2127 paulatim
337 2062 516 2109 coaluit.
585 2061 693 2110 Nec
714 2064 1018 2112 contrariatur
1040 2065 1173 2113 nobis
1194 2066 1334 2114 ΞΛΜ.
1350 2081 1481 2114 usT1
1501 2083 1578 2123 us,
1611 2068 1689 2130 qui
1716 2068 1763 2114 in
1790 2065 1908 2116 Bello

101 2158 338 2208 Catilinar.
365 2158 480 2222 Cap.
506 2163 550 2208 ὁ.
572 2159 756 2206 Urbem
779 2160 1016 2209 conditam
1042 2161 1095 2209 ad
1121 2163 1354 2211 Troianos
1384 2163 1552 2212 referre
1581 2163 1789 2224 videtum
1825 2180 1909 2212 nec

102 2257 450 2312 V1RG1Lms,
471 2257 551 2318 qui
580 2254 751 2306 AEneid.
783 2257 918 2307 VIII.
944 2258 1168 2307 Romanae
1190 2259 1303 2308 arcis
1324 2260 1620 2308 conditorem
1647 2260 1909 2309 Evandrum

101 2367 247 2403 vocat.
313 2353 489 2415 Neque
515 2367 599 2400 nos
622 2367 782 2401 movet
805 2354 1059 2403 SERvms
1076 2355 1132 2404 ad
1157 2358 1434 2405 VIRGILH
1471 2356 1615 2424 Eclog.
1648 2373 1684 2405 1.
1706 2360 1785 2421 qui
1813 2358 1909 2406 Ro-

102 2465 224 2499 mam
256 2464 358 2499 ante
381 2449 636 2498 Romulum
659 2449 813 2508 fuisse,
846 2464 890 2498 et
918 2450 1045 2499 hunc
1066 2453 1122 2500 ab
1145 2453 1215 2501 illa
1243 2450 1416 2503 nornen
1442 2454 1659 2518 accepiss‘e
1680 2471 1736 2502 ex
1768 2455 1910 2503 veteri

105 2546 465 2613 Lupercaliorum
502 2547 641 2596 Poeta
677 2548 889 2596 Mariano
921 2548 1068 2597 tradit.
1134 2550 1359 2599 Ceterum
1391 2549 1480 2614 ipsa
1513 2552 1657 2600 Urbis
1686 2551 1821 2600 huius
1864 2552 1911 2599 in

103 2643 261 2692 medio
289 2644 425 2692 Italiae
447 2645 617 2694 erectio
640 2643 808 2693 futurae
831 2646 927 2695 eius
956 2646 1262 2711 magnitudini
1290 2647 1412 2712 quali
1442 2647 1651 2714 praelufit.
1709 2650 1755 2698 Si
1784 2650 1908 2696 enim

138 2744 152 2773 “-
168 2740 291 2790 ‘Pars
312 2741 372 2788 Π.
996 2745 1040 2791 R
1058 2759 1081 2792 r
1192 2800 1196 2803 q
1488 2747 1491 2749 ’
1671 2768 1684 2788 ..·
1828 2746 1913 2794 Ita'-
