2567 3470
630 341 754 403 '308
1265 322 1374 399 'Q
1450 323 1514 397 )(
1554 344 1590 382 0
1630 322 1695 398 )(
1770 322 1880 398 ‹ss'

644 447 912 512 simpliciter
949 445 1109 510 ponit,
1147 443 1221 493 sed
1260 445 1377 495 latos
1415 445 1516 495 illos
1559 446 1679 495 finus
1712 460 1756 495 et
1803 447 2052 495 insularum
2084 446 2303 498 imment}
2344 448 2483 514 spatia⁴

645 546 917 596 Germaniae
938 559 1133 609 quoque
1156 542 1360 592 accenset
1371 560 1387 604 ,·
1422 557 1660 608 totamque
1694 544 1811 594 adeo
1843 545 2223 605 Scandinaviam,
2256 544 2347 596 sive
2375 547 2483 598 Sue-

647 645 748 705 ciae,
770 645 933 694 Daniae
962 642 1312 708 Norvegiaeque
1335 643 1499 708 Regna
1525 659 1635 691 cum
1665 660 1714 692 ea
1737 643 2079 708 complectitur.

779 744 841 791 V.
911 744 1068 805 Atque
1091 740 1173 790 hac
1196 741 1374 790 ratione
1406 740 1533 790 facile
1556 755 1706 806 patet,
1738 743 1962 789 Veterem
1992 741 2122 789 latius
2155 740 2343 805 patuisse
2363 743 2484 793 Ger-

644 841 846 891 maniam
883 839 1165 889 Recentiori.
1249 839 1485 907 Qamvis
1521 841 1646 887 enim
1673 838 1924 887 Vindelicis
1960 853 2004 887 et
2030 839 2271 888 Noricum
2307 857 2482 902 nomen

645 955 838 1003 quoque
870 937 1213 988 Germanicum
1245 936 1401 1000 postea
1435 936 1698 995 induerint,
1734 936 1889 986 versus
1920 937 2299 1001 Septentrionem
2329 952 2483 997 tamen

642 1036 758 1087 fines
793 1038 890 1084 eius
926 1036 1215 1101 angustiores
1242 1034 1348 1084 facti
1380 1034 1496 1084 sunt.
1601 1036 1662 1084 Et
1698 1035 1799 1084 haec
1835 1034 1937 1084 sane
1970 1036 2267 1085 decrementa
2295 1037 2482 1098 maioris

640 1133 745 1183 sunt
768 1135 1014 1191 momenti,
1040 1149 1181 1198 quam
1205 1133 1321 1181 levia
1344 1134 1415 1183 illa
1435 1134 1590 1183 versus
1611 1133 1856 1182 meridiem
1886 1135 2182 1183 incrementa.
2451 1194 2454 1197 Ι

775 1234 859 1280 VI.
925 1232 1070 1282 Circa'
1098 1245 1234 1280 vetus
1261 1233 1540 1281 Francicum
1570 1233 1793 1298 Regnum
1828 1247 2045 1296 quaerunt
2078 1231 2235 1297 paffim
2271 1233 2481 1293 Eruditi,

642 1329 1007 1381 succeffivumne
1032 1329 1170 1379 fuerit
1205 1346 1261 1379 an
1282 1330 1560 1391 electivum3
1597 1345 1641 1379 et
1673 1330 1765 1379 hoc
1797 1331 2024 1396 posterius
2063 1347 2160 1379 non
2185 1348 2274 1380 una
2298 1330 2482 1382 suadere

642 1429 829 1487 videtur
854 1430 995 1488 ratio,
1028 1445 1177 1493 quum
1204 1428 1314 1476 hinc
1338 1429 1447 1477 inde
1473 1428 1613 1477 medii
1639 1430 1728 1477 aevi
1756 1429 2051 1491 Scriptorum
2086 1429 2187 1477 hoec
2223 1428 2351 1478 fuisse
2381 1428 2481 1480 sen-

644 1528 784 1576 tentia
819 1527 1044 1575 videatur.
1112 1529 1175 1574 At
1213 1542 1323 1574 cum
1359 1543 1416 1574 ex
1457 1527 1621 1574 iisdem
1656 1526 1967 1591 Scriptoribus
2004 1541 2176 1591 pateat,
2224 1528 2379 1576 Patres
2421 1528 2482 1578 de

641 1629 813 1690 Regno
843 1624 920 1672 illo
944 1640 1028 1688 per
1060 1622 1385 1672 testamentum
1421 1623 1705 1688 disposuisse,
1733 1623 2008 1673 successores
2043 1624 2323 1684 nominasse,
2360 1613 2493 1690 ipsos-

641 1725 762 1772 inter
792 1722 833 1771 se
867 1722 1010 1771 Filios
1039 1735 1180 1771 terras
1208 1720 1429 1781 divifiss'e3
1475 1722 1669 1770 minime
1705 1720 1895 1771 asserere
1926 1721 2222 1781 dubitamus,
2257 1724 2484 1790 heredita·

640 1823 765 1870 rium
796 1821 929 1884 plane
956 1834 1092 1869 vetus
1121 1820 1413 1868 Francorum
1438 1837 1641 1886 regnum
1665 1819 1808 1873 fuisse.

770 1919 858 1970 VI.
926 1917 1017 1967 Sed
1034 1930 1078 1966 et
1103 1933 1249 1982 porro
1275 1934 1371 1966 non
1401 1918 1493 1966 fine
1516 1918 1777 1984 gravissima
1803 1921 1979 1969 ratione
1998 1922 2249 1984 quaeritur,
2284 1921 2315 1971 fi
2338 1939 2479 1987 quam

638 2017 847 2069 maxime·
872 2015 1145 2065 hereditaria
1177 2015 1263 2065 fuit
1296 2031 1513 2064 veterum
1545 2018 1584 2065 F
1586 2018 1754 2066 ranciae
1786 2005 1974 2084 Regum
2006 2020 2203 2084 potestas
2215 2037 2227 2082 3
2264 2038 2379 2070 num
2409 2021 2479 2072 illa
2524 2028 2527 2034 ”

640 2132 833 2182 quoque
873 2115 1008 2163 fuerit
1042 2114 1349 2164 Monarchica
1363 2115 1388 2165 2
1440 2121 1774 2176 Hotomannus
1817 2118 1864 2164 in
1896 2118 2104 2166 Franco·
2122 2117 2274 2177 Gallia
2313 2120 2480 2183 aliique

637 2214 881 2280 praefracte
913 2212 1006 2261 hoc
1044 2227 1215 2278 negant
1243 2228 1258 2273 3
1310 2213 1520 2276 pluribus
1561 2213 1847 2278 elegantibus
1879 2228 1924 2263 et
1963 2215 2154 2264 eruditis
2190 2217 2236 2264 in
2267 2217 2474 2266 medium

637 2311 882 2378 productis
905 2311 1174 2359 rationibus.
1243 2312 1428 2359 Verum
1452 2327 1560 2358 cum
1581 2310 1705 2359 haud
1727 2312 1921 2360 obscure
1941 2314 2127 2377 probari
2150 2313 2299 2379 possit,
2325 2316 2478 2382 Reges

636 2410 740 2459 illos
762 2425 818 2457 ex
840 2408 978 2458 libera
999 2407 1634 2466 voluntate,dissentientibus
1657 2426 1849 2473 quoque
1863 2411 2143 2466 Ordinibus,
2165 2413 2291 2479 leges
2313 2411 2476 2471 tulisse,
2500 2462 2508 2471 ,

637 2506 812 2573 gessisse
835 2507 976 2565 bella,
1006 2506 1305 2572 Magistratus
1328 2521 1373 2555 et
1406 2507 1572 2555 iudicia
1607 2507 1909 2570 constituisse3
1936 2523 2059 2557 recte
2083 2513 2283 2560 omnino
2305 2510 2475 2560 docere

638 2621 727 2657 nos
750 2603 877 2671 posse
896 2618 1129 2671 putatum,
1145 2605 1349 2656 vetustos
1368 2606 1468 2656 illos
1481 2605 1689 2657 Franciae
1701 2605 1859 2673 Reges
1878 2621 2017 2660 veros
2035 2607 2165 2659 fui-sse
2176 2609 2472 2665 Monarchas.
2506 2642 2510 2648 ,

2343 2705 2470 2759 VIII.

2550 2972 2555 3072 ἑ

2550 3108 2554 3184 2

2464 3282 2567 3470 d
