2626 3490
674 336 783 417 ὈΜ
858 340 923 413 )(
964 361 998 398 0
1038 338 1103 413 )(
1181 338 1291 414 off*
1823 352 1930 395 LXV

88 468 285 524 lasticos
323 464 567 521 doctores
599 464 834 537 intelligo
856 500 873 524 ,
917 482 1153 538 quorum
1189 463 1345 518 hodie
1374 463 1508 517 bene
1540 461 1692 519 multi
1730 456 1802 517 ne'
1826 462 1932 518 leui

91 591 310 666 quidem
347 589 483 643 illius
523 589 731 661 linguae
776 587 871 642 vsu
905 588 1093 642 imbuti
1136 585 1286 648 sunt,
1327 571 1485 660 quam
1519 604 1569 642 et
1597 605 1702 659 qua
1739 587 1928 642 docere

85 715 236 776 alios,
278 723 374 788 per
422 712 577 768 officii
623 715 872 773 rationes,
915 711 1168 767 deberent
1202 727 1253 765 et
1314 709 1544 786 ἀλλότρια
1578 710 1708 766 dum
1746 723 1926 783 agunt,

84 859 115 896 a
157 838 514 914 pedantismo‚
554 855 717 911 quem
764 855 978 899 vocant,
1024 836 1214 892 alienos
1252 834 1555 910 se‘putant,
1599 840 1748 892 cuius
1779 834 1927 890 aliam

86 978 141 1018 et
167 965 401 1037 peiorem
432 961 653 1035 speciem
702 979 806 1017 non
840 980 957 1017 raro
989 964 1259 1035 arripiunt.
1339 958 1587 1020 Accedit,
1629 959 1774 1034 quod
1805 978 1928 1016 cum

84 1103 362 1143 mutentur
392 1086 552 1143 indies
579 1085 661 1159 vel
703 1089 754 1142 in
802 1090 953 1162 peius
997 1086 1078 1140 vel
1117 1088 1165 1140 in
1198 1057 1384 1141 melius
1426 1083 1666 1158 vulgares
1697 1084 1926 1158 linguae,

88 1213 280 1285 cuique
321 1213 464 1282 genti
514 1227 829 1294 germanae,
872 1211 1020 1266 firma
1061 1211 1154 1265 stet
1190 1209 1371 1264 latinae
1408 1209 1615 1281 linguae
1647 1209 1926 1271 structura,

85 1339 164 1392 vis
187 1351 237 1390 et
261 1333 509 1407 elegantia
542 1335 704 1408 fitque
728 1335 834 1395 illa,
878 1354 1037 1408 quam
1066 1334 1184 1388 inde
1205 1353 1229 1389 a
1254 1335 1441 1386 renatis
1465 1331 1653 1392 literis,
1676 1350 1738 1386 ex
1761 1336 1927 1388 omni-

87 1459 187 1517 bus
226 1459 471 1531 Europae
502 1458 795 1513 nationibus
832 1457 1091 1513 doctiores
1118 1457 1302 1512 callent
1335 1473 1543 1530 quaque
1575 1454 1706 1512 adeo
1733 1453 1926 1511 scribe,-

87 1601 164 1643 re‚
187 1584 277 1656 qui
308 1582 374 1638 ab
400 1581 646 1638 omnibus
672 1598 722 1638 et
745 1601 773 1637 a
794 1583 1011 1657 posteris
1040 1584 1193 1638 etiam
1213 1581 1317 1655 legi
1339 1580 1707 1643 velit20mnino
1729 1579 1926 1637 debeat.

241 1827 568 1881 Historicum
592 1845 721 1882 vero
745 1842 827 1889 et,
864 1828 1011 1903 quod
1034 1829 1103 1884 illi
1134 1828 1391 1885 indiuulso
1414 1844 1550 1885 nexu
1576 1830 1811 1886 iunctum
1833 1829 1920 1893 est,

90 1936 483 2022 Antiquitatum
527 1949 758 2005 studium
795 1969 1072 2024 propterea
1113 1953 1374 2023 praedicat
1407 1968 1459 2005 et
1507 1953 1841 2007 commendat
1874 1969 1925 2011 et

90 2071 182 2128 suo
219 2071 436 2145 quidem
478 2074 590 2126 iure
629 2073 964 2127 commendat
998 2073 1600 2134 SCHOEPFLINVS,
1642 2074 1786 2146 quod
1821 2085 1925 2132 non

88 2194 183 2251 1110
209 2193 378 2250 solum
399 2231 416 2257 ‚
441 2193 525 2250 sed
551 2194 662 2271 ipso
687 2197 977 2254 CICERONE
1009 2197 1132 2251 teste
1152 2234 1169 2258 ,
1204 2198 1340 2253 testis
1366 2198 1423 2252 fic
1469 2212 1800 2272 temporum,
1835 2197 1924 2257 lux

90 2321 345 2380 veritatis,
380 2323 485 2376 vita
529 2322 832 2383 memoriae,
855 2322 1097 2396 magistra
1127 2312 1280 2383 vitae,
1309 2326 1496 2377 nuncia
1533 2322 1798 2379 vetustatis
1826 2322 1926 2380 Hi-

92 2444 276 2514 storia;
318 2461 377 2499 ea
400 2460 555 2506 vere,
601 2462 736 2519 quae
768 2460 1044 2521 tantopere
1067 2445 1336 2502 interdum
1363 2445 1622 2519 aliquibus
1650 2432 1924 2510 arrideant,

89 2566 227 2624 arida
263 2570 565 2626 recentioris
603 2569 909 2634 cuiusdam,
950 2569 1112 2632 huius
1154 2571 1242 2626 vel
1289 2570 1424 2627 illius
1460 2569 1936 2646 philosophemata,·

1025 2711 1048 2750 1
1863 2707 1921 2751 Vt
