2503 3444
9 0 74 15 555555

714 308 822 386 ’Q
902 311 967 385 )(
1008 333 1044 370 0
1081 310 1146 385 ><
1216 310 1332 387 ὤΰ
1608 272 1609 275 i
1866 330 1933 387 aa

94 439 370 496 Academia,
408 435 478 485 sed
503 448 545 485 et
570 434 703 501 quale
729 434 970 500 prudentia
996 436 1182 501 exigere
1210 435 1475 499 videbatur3
1512 435 1627 485 dum
1654 436 1783 485 anxia
1810 435 1935 500 quafi

30 559 36 563 ·
95 537 238 588 flaturi
272 536 484 585 maximis
518 534 640 583 Eum
677 534 938 584 honoribus
972 534 1200 593 mactasti,
1239 553 1348 584 cum
1388 535 1563 602 poss‘es,
1617 552 1674 584 ne
1717 533 1749 583 fi
1785 533 1939 600 postea

96 635 289 686 demum
312 633 359 682 id
389 634 537 683 facere
562 626 726 692 velles,
762 650 858 683 non
885 633 1083 700 amplius
1110 633 1270 699 posses.
1341 635 1518 698 Neque
1540 634 1658 683 istud
1681 636 1756 684 Te
1780 633 1936 685 fefeliit

80 733 318 803 judicium
356 746 489 781 tuum
513 767 525 791 ,
561 732 642 782 nisi
673 733 719 780 in
753 749 810 782 eo
854 746 898 782 te
925 732 1125 805 fefeliiffe
1158 733 1366 792 dixeris,
1401 733 1531 797 quod
1567 736 1740 785 maiora
1780 733 1935 795 adhuc

95 830 302 903 praestitit
326 831 480 882 Cliens
509 845 639 885 tuus,
677 847 820 895 quam
841 838 1191 898 expectaueras.'
1250 834 1480 897 Apparuit
1511 832 1632 892 hoc,
1669 832 1937 893 AuditoreS,

95 930 153 979 ex'
179 943 298 988 tota,
333 947 473 994 quam
510 931 624 979 dum
670 931 942 981 muneribus
991 929 1079 980 suis
1114 930 1343 997 praeeffet,
1382 932 1646 983 Defunctus
1686 932 1840 982 noster
1869 947 1937 983 te-

95 1029 220 1087 nuit,
256 1030 365 1077 vitae
388 1030 576 1079 ratione.
645 1030 751 1080 Siue
785 1031 911 1079 enim
935 1031 1153 1081 eximiam
1181 1032 1422 1096 pietatem,
1459 1030 1551 1081 fiue
1572 1030 1801 1082 summam
1832 1049 1941 1083 eru-

92 1127 346 1186 ditionem,
382 1127 473 1177 fine
503 1142 748 1194 utramque
772 1131 819 1179 in
840 1146 1017 1197 magno
1040 1131 1162 1179 Viro
1186 1131 1415 1194 requiras,
1452 1130 1554 1180 istas
1588 1145 1712 1180 certe
1746 1146 1937 1184 cunctas

97 1226 251 1276 illustri
284 1243 394 1276 cum
430 1227 643 1276 Ecclefiae
673 1227 1034 1293 Academiaeque
1077 1229 1401 1278 emolumento
1446 1244 1492 1278 et
1520 1228 1753 1294 frequenti
1785 1231 1939 1282 nostra
1976 1273 1979 1274 γ
2010 1282 2014 1284 ,

22 1344 28 1353 ”
96 1324 399 1376 admiratione
421 1339 496 1374 aut
520 1325 720 1376 ostendit
745 1341 822 1377 aut
855 1328 1066 1392 impleuit
1092 1329 1285 1377 virtutes
1297 1346 1310 1391 3
1347 1342 1487 1393 atque
1520 1329 1580 1379 ita
1613 1330 1851 1395 impleuit,
1886 1343 1939 1382 ut

49 1458 52 1461 -
98 1436 142 1472 et
163 1423 338 1490 reliqua
357 1423 490 1472 fimul
526 1426 709 1483 omnia,
745 1441 853 1498 quae
886 1426 931 1473 in
966 1426 1062 1475 aliis
1093 1424 1232 1476 diuisa
1264 1425 1531 1486 laudantur,
1567 1443 1689 1477 unus
1714 1429 1940 1480 rariffimo

97 1522 313 1586 exemplo
341 1520 394 1571 fit
421 1523 710 1587 complexus.
777 1521 959 1573 Effulfit
988 1524 1035 1572 in
1067 1523 1140 1573 Eo
1171 1524 1424 1590 pracsertim
1460 1543 1558 1576 non
1592 1524 1783 1589 scintilla
1812 1542 1942 1593 quae-

97 1617 205 1670 dam
227 1619 474 1680 duntaxat,
508 1619 585 1671 {ed
608 1621 1036 1672 vehementiffimus
1060 1623 1183 1688 quasi
1204 1624 1326 1691 ignis
1346 1624 1494 1675 diuini
1525 1628 1712 1686 amoriS,
1750 1628 1833 1693 qui
1857 1644 1941 1694 pet·

81 1717 280 1769 aduersa
303 1720 667 1786 ingruentesque
694 1720 887 1770 subinde
917 1722 1193 1771 calamitates
1213 1737 1374 1774 auctus
1405 1723 1609 1791 semper,
1645 1727 1940 1791 maioresque

100 1831 211 1866 cum
241 1831 456 1882 tempore
478 1818 601 1867 vires
632 1834 688 1867 ex
716 1817 873 1867 indole
905 1817 980 1868 sua
1011 1821 1200 1886 accepit.
1268 1823 1446 1888 Neque
1478 1824 1580 1874 haec
1610 1823 1860 1874 difficulter
1893 1826 1940 1876 in

38 1892 43 1901 l
99 1914 204 1980 Ipso
226 1914 621 1980 deprehendimus
644 1931 721 1966 aut
743 1916 1070 1967 diuinauimus.
1139 1919 1269 1969 Tota
1293 1921 1390 1970 eius
1419 1923 1511 1971 vita
1537 1923 1760 1987 loquitur,
1797 1923 1944 1972 Audi-

101 2004 248 2073 tores',
283 2014 542 2078 loquuntur
571 2031 738 2064 omnes
760 2049 773 2073 ,
809 2015 978 2080 quibus
1007 2017 1083 2066 vel
1114 2002 1141 2066 e·
1162 2017 1431 2084 longinquo
1461 2020 1747 2070 innotescere
1772 2022 1940 2087 potuit.

96 2110 241 2162 >Diem
265 2110 306 2161 se
337 2111 581 2178 perdidisse
603 2113 883 2173 crediderat,
921 2131 1013 2179 qua
1038 2132 1135 2165 non
1169 2114 1464 2167 clariffimum
1498 2119 1636 2169 huius
1669 2118 1735 2169 sui
1763 2120 1941 2172 ardoris

94 2208 442 2261 *documentum
463 2212 535 2262 vel
558 2211 711 2261 saltem
745 2226 967 2262 conatum
992 2213 1179 2264 edidiffe
1210 2213 1254 2264 se
1285 2216 1572 2268 existimauit.
1641 2219 1795 2269 Ortus
1831 2219 1941 2269 hinc

105 2306 175 2357 ille
204 2309 315 2359 Eius
339 2309 556 2361 heroicus
574 2310 868 2361 vindicandae
897 2312 1310 2380 propagandaeque
1326 2317 1416 2365 Dei
1438 2316 1603 2383 gloriae
1626 2318 1765 2367 zelus.
1804 2317 1942 2384 Qot

97 2407 344 2471 ¹peruersos
369 2425 625 2475 prauorum
653 2409 844 2461 affectus
865 2411 938 2461 vel
967 2411 1190 2463 immensa
1209 2413 1342 2463 verbi
1364 2414 1511 2464 diuini
1534 2415 1732 2466 efficacia
1764 2416 1838 2465 vel
1869 2414 1942 2466 sua

95 2506 242 2554 etiam
263 2504 381 2572 saepe
406 2511 675 2560 auctoritate
706 2509 942 2575 repreffit3
980 2524 1099 2574 quot
1128 2512 1398 2576 praefractos
1427 2513 1622 2564 honoris
1643 2514 1802 2564 diuini
1833 2532 1942 2566 con-

95 2611 363 2665 ²temptores
395 2605 453 2656 de
489 2605 564 2658 sua
592 2609 847 2660 temeritate
868 2642 882 2669 ,
924 2608 984 2658 de
1014 2607 1090 2659 sua
1120 2609 1286 2662 insania
1319 2627 1416 2664 non
1448 2611 1715 2681 obiurgauit
1747 2627 1943 2672 tantum,

97 2719 103 2726 ¹
174 2700 296 2753 Pars
333 2704 395 2754 II.
849 2731 854 2736 ·
1066 2706 1107 2758 E
1864 2710 1941 2761 sed

7 3104 13 3210 ἰ

0 3253 213 3444 L
320 3342 339 3349 ’
1706 3371 1728 3411 ι
