2585 3485
698 336 807 412 Q
885 335 948 408 )(
990 358 1024 394 Ο
1065 336 1130 408 )(
1205 332 1314 408 off&
1851 349 1920 403 25

94 462 274 527 sceptro
312 458 631 510 admonendis.
714 457 899 507 Excelsa
930 474 974 506 et
1006 457 1212 506 Heroica
1244 457 1377 520 plane
1422 454 1618 513 fuerunt
1644 463 1715 501 tot
1745 452 1923 502 Princi-

89 577 232 624 pum,
266 575 322 607 ex
354 559 590 607 stemmate
622 558 699 606 illo
738 573 821 622 per
853 571 922 605 tot
963 554 1108 603 secula
1164 554 1458 620 regnantium
1480 586 1493 610 ,
1539 553 1762 612 facinor215
1808 568 1924 614 quae

0 656 3 708 l
45 657 62 682 ‘
91 658 303 706 maximis
334 659 470 706 etiam
510 657 695 705 illorum
728 669 998 719 temporum
1033 654 1241 718 Regibus
1280 651 1633 700 admirationem
1671 663 1924 698 terrorem-

0 746 2 783 l

93 772 185 820 que
206 756 405 804 attulere.
473 754 561 804 Sed
584 754 804 803 omnibus
834 753 918 801 illis
948 751 980 799 fi
1011 750 1149 799 solam
1176 750 1466 798 Eabouiam
1495 746 1707 812 stirpem,
1743 746 1774 795 fi
1804 746 1926 796 solos

95 853 232 902 huius
275 868 320 902 et
366 853 609 913 superioris
651 851 784 900 seculi
824 849 1293 900 LVDOVICOS
1341 863 1608 912 opponam,
1655 859 1833 894 tantum
1865 845 1926 893 illi

95 951 400 999 vetustiorum
432 951 604 1001 Galliae
649 952 838 1017 Regum
886 949 1085 1016 gloriam
1131 946 1438 1012 superarunt,
1487 958 1666 992 tantum
1697 942 1778 991 {ub
1821 942 1926 1008 ipsis

95 1047 391 1112 splendorem
415 1048 543 1097 suum
566 1049 654 1114 ipsa
675 1047 952 1114 supergressa
983 1046 1045 1094 est
1077 1046 1247 1102 Gallia,
1284 1057 1514 1109 quantum
1548 1058 1764 1092 auroram
1797 1041 1926 1106 palli-

95 1146 203 1196 dam
237 1148 467 1196 maximus
507 1147 759 1195 meridiani
792 1145 896 1194 solis
938 1144 1153 1210 splendor
1195 1123 1482 1192 transcendit.
1581 1140 1744 1198 Adeo,
1799 1152 1850 1187 vt
1892 1137 1925 1189 fi

98 1244 238 1309 ipsam
274 1245 392 1293 hanc
424 1247 618 1294 recentis
638 1245 811 1294 Galli-*ie
839 1243 1211 1309 magnitudinem
1243 1257 1353 1288 cum
1387 1239 1544 1303 priore
1576 1238 1648 1286 illa
1681 1252 1926 1301 compare-

98 1357 228 1401 mus,
263 1344 464 1392 Romani
496 1343 588 1391 fere
620 1343 700 1391 sub
723 1343 928 1407 Regibus
963 1340 1049 1389 suis
1084 1339 1331 1391 nascentis,
1369 1351 1415 1384 et
1445 1335 1525 1384 sub
1551 1335 1764 1399 Augusto
1795 1334 1926 1383 dein-

97 1442 548 1505 cepsTraianoque
603 1437 905 1489 florentiffimi
949 1438 1141 1502 Imperii
1193 1434 1448 1499 imaginem
1502 1431 1922 1497 deprehendamus.

98 1537 342 1606 Qamdiu
382 1532 506 1590 cum*
533 1538 738 1586 finitimis
778 1536 1031 1585 luctabatur
1071 1535 1170 1585 Dea
1210 1532 1280 1580 illa
1312 1532 1527 1598 gentium
1560 1531 1737 1590 Roma,
1773 1529 1927 1580 donec

99 1638 209 1685 viris
246 1638 474 1700 armisque
506 1638 730 1685 concitata
770 1636 890 1684 illam
922 1633 1113 1699 Imperii
1143 1633 1410 1689 iuuentam,
1444 1628 1554 1678 illud
1591 1629 1927 1696 magnitudinis

99 1734 328 1800 fastigium
359 1736 624 1801 attingeret:
661 1733 793 1782 fimili
824 1731 1015 1798 prorsus
1031 1748 1139 1780 cum
1161 1729 1310 1780 Gallia
1339 1728 1446 1778 fato.
1514 1727 1679 1777 Iurass'e
1711 1730 1758 1776 in
1790 1727 1928 1793 ipfius

101 1833 352 1894 perniciem
383 1831 569 1879 diuersis
604 1844 874 1894 temporum
904 1830 1109 1894 periodis
1141 1826 1449 1894 potentiffima
1471 1827 1740 1894 Anglorum
1762 1825 1930 1892 Hispa-

104 1944 373 1993 norumque
393 1929 516 1976 natio
539 1927 799 1976 videbatur:
837 1942 880 1976 et
902 1928 971 1976 illa
992 1926 1183 1991 quidem
1217 1939 1346 1975 tanto
1374 1941 1485 1973 cum
1522 1941 1680 1973 rerum
1714 1923 1927 1982 successu,

103 2025 382 2084 Auditor-es,
426 2040 476 2074 vt
507 2041 602 2073 non
640 2023 775 2073 semel
818 2023 878 2072 de
906 2022 1210 2073 Sacratissimo
1240 2023 1411 2088 Regno
1451 2036 1605 2070 actum
1647 2008 1927 2079 crederetur,

102 2122 182 2172 nifi
204 2137 296 2172 tam
318 2123 488 2172 funesta
512 2123 741 2170 hostilium
773 2139 1012 2170 armorum
1046 2121 1228 2169 confilia
1258 2120 1568 2168 interueniens
1591 2118 1713 2181 quafi
1744 2135 1800 2166 ex
1832 2135 1928 2168 ma-

87 2220 237 2270 ·china
272 2221 424 2279 Deus,
468 2220 573 2285 ipfis
612 2220 883 2268 mirantibus
914 2219 1111 2285 Anglis,
1153 2216 1381 2267 turbasset.
1452 2215 1693 2281 Hispania,
1740 2233 1856 2280 quae
1903 2233 1926 2266 a

85 2318 382 2367 -Ferdinandi
405 2320 494 2368 iam
517 2318 747 2368 Catholici
769 2331 982 2382 tempore
1003 2333 1061 2366 ex
1082 2315 1259 2367 Galliae
1276 2314 1599 2363 decrementis
1633 2314 1806 2363 virium
1836 2312 1928 2364 sua-

105 2431 213 2464 rum
242 2417 522 2465 incrementa
553 2417 704 2465 metiri
741 2415 931 2473 solebat,
967 2416 1149 2479 quoties
1183 2415 1320 2465 armis
1351 2414 1618 2476 artibusque
1648 2411 1736 2462 suis
1767 2413 1928 2464 vltima

103 2514 264 2562 vicino
293 2513 401 2561 huic
433 2530 582 2580 regno
611 2516 812 2573 minata,
861 2513 943 2563 nifi
983 2513 1251 2564 Borbonius
1289 2513 1362 2561 ille
1401 2511 1636 2560 Henricus
1674 2512 1852 2561 nutanti
1883 2524 1928 2560 et

106 2612 289 2660 iamiam
322 2613 519 2662 ruiturae
542 2614 637 2663 eius
668 2613 900 2678 potentiae
920 2611 1215 2663 succurrisset.
1282 2611 1343 2662 Et
1363 2609 1438 2660 hic
1468 2608 1569 2659 fane
1591 2623 1769 2674 praeter
1799 2609 1927 2658 resti-

173 2708 295 2760 Pars
328 2712 363 2760 L
971 2761 976 2765 ,
1034 2709 1080 2760 D
1781 2718 1926 2756 tutam
