2503 3444
691 309 800 387 ’Q
879 310 1316 387 )(0)(‘ess'
1850 319 1918 385 65

207 439 299 487 Ars
328 433 535 492 dicendi,
571 432 792 483 societatis
820 434 1087 482 mortalium
1123 435 1301 494 anima,
1338 452 1434 484 non
1469 435 1732 484 universum
1767 434 1918 485 modo

0 557 3 564 ’
80 547 250 586 naturae
281 549 481 598 regnum
501 566 513 590 2
550 532 623 580 sed
657 532 811 580 diuina
839 548 1033 596 quoque
1063 533 1240 582 ambitu
1277 532 1355 582 suo
1382 533 1609 582 immenso
1642 533 1920 598 complecti·

80 647 166 682 turs
229 632 307 680 Illa
333 625 561 695 sapientise
585 629 787 695 ministra
807 644 852 678 et
884 629 1135 679 comes·de
1169 631 1386 680 humanis
1410 645 1455 679 et
1489 632 1746 681 coelestibus
1780 632 1919 693 rebus

82 746 208 780 nunc
230 729 449 793 simplici,
486 745 610 776 nunc
632 727 836 786 sublimi,
870 745 996 776 nunc
1029 727 1296 778 vehementi
1339 728 1467 786 stile,
1503 743 1545 778 at
1578 728 1757 794 semper
1789 728 1923 779 ordi-

81 841 203 885 nate,
238 841 400 876 ornate
438 840 482 875 et
516 826 752 892 perspicue
791 826 1010 890 loquitur.
1093 826 1255 876 Ardua
1294 826 1395 875 haec
1430 843 1500 876 ars
1531 843 1614 891 per
1646 843 1812 876 omnes
1841 844 1919 877 na-

79 926 227 985 tiones
260 939 304 972 et
339 924 476 973 urbes
498 958 511 982 ,
547 941 630 989 per
653 941 796 990 regna
823 938 867 973 et
892 941 974 990 per
1004 925 1198 989 imperia
1233 925 1457 992 migrans,
1483 925 1712 974 diuturno
1744 923 1921 974 seculo-

0 1035 2 1085 ζ
78 1039 184 1091 tum
206 1020 338 1071 cursu
362 1036 453 1070 tam
481 1022 654 1072 diuersa
686 1035 870 1087 experta
893 1022 957 1072 est
983 1021 1090 1081 fata,
1131 1035 1183 1072 ut
1211 1022 1382 1072 eodem
1415 1024 1460 1072 in
1486 1022 1598 1072 statu
1617 1056 1630 1081 ‚
1667 1023 1837 1073 eodem
1871 1023 1918 1072 in

72 1120 184 1171 loco
219 1136 459 1184 nunquam
509 1120 589 1169 diu
631 1119 883 1169 substiterit.
962 1122 1083 1170 Non
1113 1121 1170 1169 de
1203 1121 1353 1170 inflata
1385 1135 1430 1169 et
1469 1109 1655 1186 &gida
1695 1121 1916 1171 Orienta-

80 1218 218 1276 lium,
252 1217 325 1265 {ed
357 1218 415 1266 de
441 1219 560 1266 virili
585 1233 630 1266 et
654 1219 860 1276 mascula,
893 1218 1126 1282 speciatim
1150 1220 1478 1268 Romanorum
1501 1219 1777 1283 Eloquentia
1803 1218 1922 1268 mihi

80 1314 228 1365 scrmo
251 1314 328 1364 est.
395 1317 661 1365 Nationum
692 1316 926 1366 character
953 1333 1011 1366 ex
1033 1317 1244 1366 sermone
1266 1317 1428 1366 elucet.
1497 1317 1570 1365 Ex
1604 1317 1775 1383 linguis
1800 1315 1915 1365 diiu-

79 1413 202 1463 dicas
226 1414 440 1479 populos.
510 1414 577 1462 Hi
600 1413 837 1473 doctrina,
873 1414 1069 1463 scientiis
1093 1428 1137 1464 et
1159 1415 1330 1463 artibus
1351 1428 1448 1478 quo
1471 1414 1620 1479 magis
1642 1414 1918 1472 floruerunt,

80 1529 140 1562 eo
168 1514 316 1578 magis
345 1528 536 1576 quoque
558 1511 744 1560 dicendi
776 1506 870 1561 arte
893 1527 938 1562 et
959 1513 1221 1577 eloquentia
1253 1512 1545 1578 polluerunt,
1581 1528 1689 1577 quae
1711 1511 1805 1562 fine
1832 1512 1918 1563 illis

82 1609 262 1660 nonnisi
281 1610 517 1673 loquentia
541 1623 586 1658 et
610 1610 756 1659 inanis
781 1610 993 1660 dicacitas
1015 1612 1091 1660 est.

213 1709 441 1773 Sapientia
495 1723 610 1757 ηοω
633 1707 856 1771 eloquens
896 1707 1008 1756 sicca
1045 1723 1090 1757 et
1131 1708 1255 1759 arida
1292 1709 1395 1770 est3
1443 1710 1723 1774 eloquentiae
1762 1710 1917 1760 iuncta

85 1821 286 1872 magnos
325 1804 606 1870 legislatores
629 1837 643 1861 ,
688 1804 897 1864 iudices,
942 1806 1265 1872 magistratus,
1324 1808 1426 1857 belli
1468 1807 1611 1857 duces
1650 1822 1788 1873 atque
1837 1808 1922 1857 he-

84 1920 190 1954 roes
237 1903 496 1968 produxit,
553 1917 675 1965 quos
729 1903 850 1953 nulla
897 1904 1024 1953 orbis
1076 1885 1202 1954 natio
1252 1906 1427 1954 maiore
1475 1921 1713 1964 numero,
1776 1922 1918 1970 quam

83 2003 253 2052 Graeca
293 2014 429 2064 atque
470 1999 680 2049 Romana
711 2000 946 2066 produxit.
1014 2001 1243 2051 Maiestate
1279 2004 1470 2068 Imperii
1501 2003 1666 2052 harum
1701 2005 1915 2069 gentium

86 2098 336 2156 crescente,
371 2098 647 2162 eloquentiae
681 2114 873 2162 quoque
908 2102 1054 2149 creuit
1089 2100 1318 2162 maiesta83
1371 2101 1660 2150 decrescente
1694 2102 1919 2166 eloquen-

88 2185 162 2247 tiae
215 2196 376 2264 sagatae
435 2211 571 2261 atque
625 2210 797 2263 togatae
850 2197 1052 2263 dignitas
1121 2198 1340 2248 decreuit.
1447 2200 1653 2250 Heroica
1706 2215 1920 2266 tempora

90 2311 205 2360 quot
247 2296 393 2345 claros
440 2295 561 2344 bello
602 2295 793 2354 Duces,
841 2297 1040 2345 totidem
1079 2297 1305 2347 Oratores
1348 2296 1633 2348 ostentarunt
1677 2297 1918 2349 facundos.

91 2395 263 2443 Milites
283 2427 296 2452 ‚
330 2393 476 2443 Ducis
508 2393 727 2458 exemplo
761 2408 806 2443 et
840 2396 1049 2443 oratione
1078 2396 1290 2454 animati,
1327 2412 1424 2445 non
1457 2396 1512 2445 ad
1555 2397 1771 2460 proelium
1794 2430 1808 2455 ‚
1843 2395 1920 2445 sed

89 2492 333 2541 ‘victoriam
355 2491 630 2541 festinarunt.
699 2493 864 2540 Nemo
887 2492 1091 2541 vestrum
1125 2493 1210 2551 est,
1247 2493 1529 2551 Audstores,
1563 2495 1644 2558 qui
1676 2510 1772 2543 tion
1807 2510 1918 2544 cum

77 2590 328 2655 ‘voluptate
364 2590 483 2657 legat
520 2590 752 2640 sermones
773 2623 786 2648 ,
819 2591 987 2654 quibus
1021 2593 1438 2656 Agamemnones,
1474 2591 1703 2652 Achilles,
1736 2594 1919 2643 Hecto-

162 2687 283 2738 Pars
318 2689 380 2738 II.
1013 2688 1034 2738 l
1832 2706 1921 2750 reS,
