2585 3485
661 326 770 402 ’Q
849 325 914 400 ><
953 348 989 384 0
1027 325 1095 400 ><
1169 324 1279 401 st*
1810 344 1891 404 47

57 453 243 525 imperii
280 464 389 503 cum
426 449 545 500 nulla
578 464 695 516 gens
728 461 883 498 extera
915 448 965 498 fit
994 464 1161 514 caan,
1199 449 1273 513 illa
1294 449 1510 499 omnium
1533 449 1886 516 principatuum

55 569 106 606 et
147 551 462 618 Imperiorum
500 548 563 597 est
603 546 902 613 capaciffitna.
970 548 1079 596 Nec
1114 562 1344 614 repugnat
1382 547 1482 601 sane
1517 548 1623 599 situs
1658 549 1888 600 vastiffimi

37 652 237 718 Regni,
268 648 546 708 Auditore83
576 648 707 696 cuius
750 647 1041 712 prouinciae,
1078 647 1295 695 omnium
1333 663 1491 696 rerum
1538 663 1772 713 prouentu
1804 650 1887 699 flo-

53 763 231 811 rentes,
264 761 309 796 et
338 745 585 796 arctiffimo
619 747 737 794 inter
765 745 806 794 se
841 746 1032 794 vinculo
1066 745 1219 794 vnitae
1238 778 1252 798 ,
1287 745 1535 812 augustum
1559 745 1669 795 illud
1699 763 1889 813 corpus,

53 847 148 900 fine
192 847 310 895 illam
345 846 487 894 totius
518 844 664 895 Orbis
694 845 923 911 Reginam
967 844 1276 903 constituunt,
1312 860 1428 909 quae
1463 844 1888 910 potentiffirnorum
2567 878 2569 904 .

56 946 273 1010 Europae
306 945 594 1009 populorum
631 942 836 992 sodalitio
871 943 1050 1009 stipata,
1085 942 1273 1010 fingulis
1310 957 1354 992 et
1393 942 1614 993 vniuerfis
1650 944 1886 997 affluentes

56 1041 152 1092 {uas
185 1058 324 1107 opes,
357 1042 524 1106 quibus
559 1042 631 1089 illa
671 1043 837 1091 nullius
879 1043 1153 1091 commercii
1191 1041 1349 1110 indiga
1388 1042 1616 1091 innutrire
1645 1041 1689 1091 se
1726 1043 1887 1108 poffet,

53 1138 300 1200 diffundit3
334 1153 378 1188 et
400 1157 423 1188 a
450 1139 760 1189 remotissimis
783 1139 998 1205 pretiosas
1028 1155 1230 1198 merces,
1265 1154 1486 1204 tanquam
1511 1141 1660 1190 oblata
1684 1142 1883 1194 totidem

1 1233 5 1317 f
52 1255 269 1296 munera,
306 1251 524 1302 tanquam
547 1237 741 1286 totidem
770 1239 919 1288 cultus
947 1237 1208 1287 eorundem
1240 1238 1498 1287 testimonia
1532 1240 1710 1305 recipit.
1779 1238 1886 1290 Stu-

2 1328 5 1342 ’
53 1350 135 1405 pet·
170 1336 240 1385 ille
270 1334 399 1384 saeuo
427 1335 623 1384 tridente
654 1349 820 1400 potens
844 1337 1103 1402 Neptunus
1127 1337 1346 1386 Francica
1379 1338 1502 1395 vela,
1536 1354 1655 1401 quae
1686 1340 1734 1385 in
1774 1355 1886 1403 pro·
2568 1357 2569 1409 ᾗ

56 1432 221 1484 celloso
246 1434 360 1482 olim
383 1449 583 1498 aequore
605 1444 737 1491 rara,
764 1449 872 1482 cum
908 1433 992 1480 illis
1015 1449 1141 1482 nunc
1171 1433 1359 1499 populis
1380 1466 1394 1492 ,
1433 1434 1603 1498 quibus
1637 1436 1776 1485 maris
1798 1435 1885 1486 dos

3 1506 6 1510 ⁴
55 1532 253 1590 minium
280 1545 436 1582 natura
459 1529 683 1580 indulsisse
705 1529 1003 1590 credebatur,
1038 1532 1096 1582 de
1119 1533 1318 1598 imperio
1341 1532 1419 1581 illo
1442 1546 1614 1582 certare
1639 1533 1886 1596 videntur;

4 1607 8 1657 {
55 1630 296 1693 Galliaque
326 1629 441 1678 adeo
466 1629 586 1678 vires
617 1629 836 1695 Europae
861 1643 978 1680 terra
1007 1645 1052 1680 et
1075 1647 1252 1681 oceano
1274 1630 1348 1680 sua
1378 1631 1468 1680 iarn
1507 1632 1714 1697 potentia
1740 1633 1886 1685 librat..

55 1726 182 1794 Qis
210 1727 337 1777 vllibi
365 1743 523 1776 rerum
552 1726 874 1792 praesentium·
892 1742 985 1778 tarn
1010 1730 1254 1795 imperitus
1285 1729 1347 1779 est
1370 1742 1421 1779 vt
1459 1728 1647 1789 nesciat,
1695 1747 1753 1780 ex
1782 1730 1905 1781 (olis-

1 1140 6 1232 l

1 1269 7 1291 l

2 1352 7 1410 l

2 1453 7 1490 Ι

3 1523 7 1551 l

4 1662 9 1711 l

4 1714 9 1764 ἱ

5 1765 9 1794 l

5 1800 9 1882 i,
58 1822 224 1872 Gallici
255 1825 526 1885 commercii
559 1824 659 1872 fatis
691 1813 980 1889 reliquorum
1016 1827 1276 1877 felicitatem
1300 1827 1531 1893 pendere3
1569 1830 1653 1879 illis
1690 1830 1886 1887 nutanti·

6 1897 10 2023 ἰ
57 1919 169 1978 bus,
205 1919 285 1969 vbi
322 1933 470 1969 cetera
502 1936 710 1983 vnquam
748 1922 911 1971 florere
944 1939 1210 1988 potuerunt.
1279 1927 1456 1989 Neque
1485 1926 1532 1974 id
1575 1925 1678 1976 sane
1709 1929 1885 1977 mirum

6 2035 11 2087 i
55 2016 443 2074 est„Auditores.
511 2017 805 2067 producatur
842 2020 963 2068 natio
992 2019 1093 2069 tam
1114 2020 1237 2071 ferax
1264 2023 1467 2082 ciuium,
1504 2025 1551 2071 in
1572 2023 1742 2087 quibus
1762 2039 1884 2076 tanta

7 2095 11 2260 ἱ
54 2115 354 2180 ingeniorum
376 2114 575 2173 solertia,
612 2129 732 2165 tanta
753 2118 799 2164 in
826 2118 963 2166 rebus
994 2107 1284 2168 inueniendis
1317 2119 1553 2186 sagacitas,
1590 2135 1710 2171 tanta
1740 2123 1788 2171 in
1815 2139 1884 2172 re*
2566 2131 2569 2178 ἒ

9 2268 11 2301 j
53 2212 140 2275 bus
169 2212 358 2279 agendis
397 2212 614 2263 industria
658 2215 898 2279 reperitur.
966 2215 1091 2265 Tam
1121 2215 1380 2266 Vniuersalis
1411 2217 1555 2268 hodie
1592 2221 1882 2285 popul-orum

8 2307 12 2399 ξ
54 2307 141 2358 hae
162 2309 210 2361 iu
231 2327 279 2358 re
301 2309 542 2361 consensus
575 2312 670 2372 est,
705 2328 756 2362 vt
778 2314 945 2364 Gallici
981 2315 1155 2375 cultus,
1190 2316 1397 2384 linguae,
1431 2333 1623 2367 morum
1657 2318 1882 2369 aedificio·
2349 2330 2369 2336 Χ

8 2401 13 2482 ⁴}
53 2422 255 2470 rumque
284 2407 551 2475 elegantiam
585 2425 739 2477 aperte
790 2412 1164 2462 iam-imitentur
1184 2447 1198 2472 ,
1254 2429 1492 2480 quotquot
1525 2416 1762 2481 politiores
1799 2435 1882 2482 per

8 2488 13 2526 5
305 2485 307 2488 ,

9 2531 13 2567 l

54 2502 296 2569 Europam
319 2508 534 2559 nationes
576 2525 844 2559 cernuntur.
945 2509 1036 2574 Ipfi
1067 2527 1184 2561 vero
1219 2513 1488 2578 Principes,
1528 2528 1623 2564 tarn
1659 2516 1882 2572 eminenti

50 2602 201 2673 Aulae
231 2603 477 2671 Regnique
520 2606 559 2656 L
569 2609 613 2658 V
627 2608 673 2660 D
686 2609 736 2660 O
750 2610 791 2659 V
807 2588 883 2659 IC
898 2608 972 2669 1A
983 2609 1070 2660 NI
1117 2610 1350 2662 Maiestate
1393 2612 1585 2683 perculsi
1597 2646 1613 2673 ,
1655 2613 1730 2665 sua
1760 2631 1879 2679 quo-

1787 2727 1879 2776 qUe
