2618 3485
621 380 698 419 ²11
1232 357 1341 437 Q
1420 359 1485 433 )(
1525 382 1561 418 0
1603 360 1670 434 )(⁴
1744 356 1857 436 οἷ’*

620 485 814 543 obtulit
839 486 1036 545 REGI,
1078 501 1248 540 annua
1272 484 1350 540 bis
1372 484 1511 539 mille
1539 484 1909 542 Francicarum
1932 485 2183 542 librarum
2207 485 2455 561 pensione

621 627 673 666 et
717 608 968 682 Catalogo
1022 606 1372 664 Bibliothecae
1426 612 1628 683 regiae,
1681 611 1836 682 regiis
1886 609 2141 666 sumtibus
2190 609 2454 684 impresso,

618 734 842 791 donatus
888 750 915 788 a
938 732 1130 794 REGE.
1210 732 1473 789 Additum
1509 734 1582 787 est
1633 732 1771 788 aliud
1798 737 1971 804 regiae
2012 733 2338 808 benignitatis
2361 731 2454 788 do-

579 874 955 933 cumentum,
1009 876 1118 933 quo
1171 859 1310 914 REX
1373 875 1468 932 per
1515 857 2138 920 LAMOIGNONIVM‚
2196 855 2455 914 Cancella·

617 986 759 1039 rium
785 985 934 1056 regni
961 998 1013 1038 et
1045 1000 1140 1057 per
1167 984 1576 1039 ARGENsom
1594 999 1626 1041 v
1641 999 1691 1039 M
1729 981 1996 1038 Comitem
2015 1018 2029 1044 ‚
2069 981 2457 1039 Administrum

615 1109 794 1166 Status
822 1106 1102 1162 declarauit
1131 1107 1294 1163 SCH
1311 1106 1527 1162 OEPF
1541 1106 1691 1161 LIN
1710 1106 1760 1162 O
1778 1143 1796 1168 ‚
1837 1107 2229 1180 Argentinensis
2257 1103 2458 1165 Acade-

615 1235 751 1289 miae
785 1235 927 1292 iura,
969 1249 1103 1306 quae
1137 1247 1252 1287 tum
1277 1248 1374 1305 per
1409 1217 1579 1287 varias*
1600 1248 1735 1287 artes
1776 1232 2225 1305 periclitabantur,
2268 1231 2457 1286 illibata

616 1356 825 1432 semper
851 1353 968 1410 fore
999 1372 1050 1409 et
1075 1354 1223 1410 salua.
1306 1355 1469 1428 Qiod
1493 1374 1749 1428 quantum
1775 1356 2088 1412 beneficium
2112 1357 2273 1412 fuerit
2293 1350 2457 1428 quan-

617 1499 845 1556 tumque
873 1478 944 1535 ob
972 1477 1102 1535 illud
1129 1481 1470 1553 impetratum
1495 1479 2030 1536 SCHOEPFLINO
2064 1497 2339 1536 aeternum
2366 1477 2455 1533 de·

617 1607 737 1662 beat
771 1622 887 1661 tum
921 1606 1103 1660 ciuitas
1125 1604 1519 1677 Argentinenfis
1547 1606 1749 1666 omnis,
1789 1620 1904 1660 tum
1937 1606 2162 1661 maxime
2196 1602 2455 1659 academi-

615 1749 697 1793 ca,
740 1747 846 1785 non
872 1729 961 1784 nisi
987 1727 1071 1783 ille
1101 1726 1336 1791 senserit,
1370 1734 1461 1804 qui
1492 1732 1609 1804 quis
1646 1747 1762 1785 tum
1789 1747 1971 1785 rerum
1993 1727 2456 1802 Argentinenfium

615 1857 740 1914 situs
766 1852 928 1910 fuerit
957 1852 1041 1907 vel
1062 1853 1166 1926 ipse
1209 1853 1293 1909 vel
1325 1853 1531 1909 aliunde
1570 1855 1794 1910 nouerit.
1874 1854 2028 1909 Alter
2069 1849 2289 1929 Alsatiae
2333 1850 2454 1906 Illu-

597 1981 792 2056 stratae
827 1977 1041 2033 Tomus
1067 1976 1316 2032 decennio
1340 1979 1474 2052 post,
1501 1981 1659 2036 Anno
1687 1977 2050 2036 MDCCLXI.
2083 1976 2279 2051 prodiit
2300 1958 2454 2030 adeo-

613 2123 720 2180 que
744 2101 1045 2176 quindecim
1081 2119 1342 2156 annorum
1380 2102 1543 2175 spatio
1569 2101 1867 2175 perfectum
1894 2104 1967 2156 est
1992 2118 2155 2176 opus,
2196 2099 2340 2174 quod
2368 2116 2454 2155 an-

614 2244 827 2302 tequam
860 2223 1180 2297 perscribere
1205 2227 1485 2298 inciperet,
1529 2243 1770 2299 magnam
1799 2225 2095 2282 chartarum
2119 2242 2169 2280 et
2192 2222 2454 2297 diploma-

615 2370 731 2409 tum
764 2350 969 2422 copiam
1015 2364 1077 2402 ex
1119 2347 1513 2421 Collegiorum‚
1555 2351 2033 2411 Monasteriorum,
2068 2349 2362 2404 Ciuitatum
2401 2362 2453 2402 et

616 2474 837 2533 Alsatiae
863 2472 1150 2527 Procerum
1177 2472 1439 2528 tabulariis
1462 2475 1762 2547 congestam
1782 2477 1832 2529 in
1856 2493 2035 2547 parato
2057 2477 2155 2529 iam
2180 2472 2449 2528 habuerat.

614 2599 880 2671 Magnum
908 2614 1044 2670 opus
1075 2614 1125 2652 et
1155 2597 1480 2662 immortale,
1520 2617 1626 2654 non
1652 2599 1862 2656 illorum
1887 2575 2254 2657 triobolaribus
2282 2613 2333 2651 et
2360 2590 2448 2650 fu-

2349 2723 2453 2781 tili-
