2503 3444
675 311 1306 391 QXOMss
1838 335 1911 392 19

74 456 167 494 tem
208 439 443 491 hilaritas,
477 436 738 487 humanitas
781 437 1068 487 Maiestatem
1110 437 1318 487 inaudito
1359 438 1594 489 consortio
1642 440 1907 492 comitatur.

74 543 127 592 In
147 537 326 590 aduersa
354 537 539 587 fortuna
561 538 899 602 imperterritus
909 569 922 594 ,
944 538 1041 600 qui
1062 538 1107 584 in
1132 535 1308 587 summ-a
1331 537 1516 588 fortuna
1538 537 1718 587 summe
1741 541 1903 590 mode.

73 637 163 689 stus
193 652 418 703 magnum
453 635 537 685 illis
569 622 861 700 Principibus
894 633 1236 684 documentum
1273 635 1425 694 dedit,
1474 653 1596 700 quos
1626 637 1765 686 rebus
1797 655 1909 704 pto-

73 735 208 802 speris
247 736 390 784 elatos
427 735 528 785 Diis
566 749 716 798 aeqnat
748 733 971 799 superbia.
1068 732 1269 783 Acceffit
1310 734 1610 783 conciliandae
1655 735 1907 787 hominum

72 832 491 900 promerendaeque
525 834 684 899 gratiae
719 834 891 881 mirum
925 846 970 881 et
1000 831 1161 881 efficax
1202 825 1404 881 studium
1427 866 1440 891 ,
1490 834 1732 900 ingenium
1770 834 1906 884 domi

70 914 275 996 {orisque
314 932 482 991 ciuile,
519 932 714 980 comitas
758 933 804 979 in
839 930 986 980 socios
1011 965 1024 990 ,
1060 929 1365 980 mansuetudo
1401 932 1449 980 in
1487 930 1642 980 hostes
1663 965 1676 990 2
1710 945 1763 980 ut
1801 923 1903 998 ipso

74 1030 249 1081 victore
288 1047 432 1079 nemo
476 1030 518 1078 se
559 1031 738 1079 vietum
776 1029 970 1079 sentiret.
1060 1029 1252 1094 Quibus
1291 1030 1513 1079 omnibus
1552 1031 1707 1079 iuncta
1742 1046 1907 1097 vegeta

71 1130 285 1193 torporis
308 1129 545 1187 valetud0‚
584 1128 798 1177 vividum
820 1129 990 1187 robur,
1021 1128 1222 1194 dignitas
1247 1129 1367 1187 oriS‚
1400 1129 1561 1178 vultus
1591 1128 1823 1188 maiestas²
1855 1142 1909 1180 ut

0 1229 2 1233 ’
60 1241 297 1293 magnum
329 1228 489 1276 virtuti
523 1226 818 1292 splendorem
850 1214 1038 1294 egregia
1076 1241 1120 1275 et
1153 1226 1341 1276 heroica
1381 1225 1608 1276 addiderit
1642 1226 1791 1277 forma
1812 1262 1825 1286 ,
1861 1242 1907 1278 et

5 2550 8 2558 ,
3 2376 10 2535 ,,Δ-.,,,,.......
2 2291 8 2357 .....-
2 2260 7 2280 .-
0 2104 8 2250 -ι-ο-.--
0 1874 6 2089 ·——=·—--—-—
0 1788 4 1866 ——vss
0 1765 2 1770 <
0 1713 3 1756 -—-
0 1615 3 1667 ⁴—-

5 2576 18 2635 ’,Ι

62 1323 270 1374 'dubium
295 1325 457 1384 fuerit,
492 1340 652 1374 utrum
680 1327 913 1375 mentibus
936 1343 993 1375 an
1016 1326 1258 1374 obtutibus
1281 1325 1532 1373 hominum
1565 1324 1607 1373 se
1631 1327 1780 1391 magis
1805 1325 1910 1376 infi-

79 1437 248 1474 nuaret.
314 1425 496 1473 Nonne
528 1423 630 1472 haec
660 1424 803 1490 longe
834 1425 1014 1487 lateque
1051 1424 1318 1488 Principem
1350 1422 1626 1473 ostentant?
1662 1423 1777 1473 Satis
1816 1425 1909 1475 iam

76 1522 254 1572 fortasse
277 1523 552 1572 eximiarum
581 1523 816 1571 virtutum
842 1536 886 1570 et
911 1522 1025 1571 ultra
1050 1520 1144 1570 fere
1176 1521 1306 1570 sortis
1339 1520 1558 1570 humanae
1587 1521 1709 1570 vites
1742 1522 1910 1587 pofita-

77 1636 181 1670 rum
204 1623 250 1669 in
272 1621 561 1671 Germmico
583 1620 930 1685 deprehenditis
942 1654 954 1678 ,
993 1619 1273 1679 Auditores,
1308 1620 1425 1669 adeo
1458 1632 1511 1668 ut
1541 1618 1647 1684 ipsis
1681 1619 1793 1669 nihil
1827 1621 1909 1672 ad-

75 1718 183 1768 dere
211 1720 287 1767 vel
314 1717 632 1784 perfectiffima
657 1720 763 1767 artis
785 1717 1005 1768 industria
1024 1718 1172 1766 vellet.
1241 1716 1439 1766 Addidit
1473 1731 1628 1768 tamen
1657 1717 1910 1770 Germani-

77 1832 185 1874 cus,
218 1831 262 1865 et
290 1832 457 1882 magna
478 1831 588 1864 cum
619 1815 684 1881 sui
715 1816 865 1881 gloria
896 1830 1265 1881 temporumque
1305 1816 1515 1864 felicitate
1545 1815 1751 1876 addidit,
1787 1820 1912 1868 utin

78 1915 323 1972 omnibus,
358 1914 715 1979 quibuscunque
749 1913 806 1963 ad
837 1914 1009 1964 excelsa
1041 1914 1154 1962 eniti
1183 1913 1394 1962 humano
1418 1914 1612 1979 ingenio
1644 1915 1912 1965 concessum

80 2011 164 2070 est,
198 2012 465 2077 Principem
496 2013 848 2076 maximumque
872 2011 913 2061 se
933 2011 1208 2070 ostenderet,
1232 2025 1277 2060 et
1305 2026 1362 2059 ex
1385 2024 1590 2074 utroque
1610 2010 1763 2062 Caesiir
1787 2012 1911 2063 esset.

80 2109 209 2160 Nam
236 2124 404 2176 praeter
433 2109 671 2159 recensitas
698 2110 921 2159 hactenus
940 2111 1152 2158 animum
1175 2108 1505 2159 excellentibus
1533 2125 1728 2174 quoque
1749 2124 1795 2160 et
1814 2111 1911 2160 illu-

83 2207 243 2258 stribus
273 2194 321 2257 in
358 2209 489 2258 vario
525 2207 814 2257 scientiarum
846 2208 1170 2272 doctrinaeque
1201 2224 1376 2275 genere
1401 2206 1594 2257 dotibus
1632 2208 1910 2260 instructum

83 2305 184 2354 orbi
226 2305 446 2372 exposuit.
543 2307 877 2371 Loquebantur
921 2307 1331 2372 incomparabilem
1375 2306 1494 2356 hanc
1527 2305 1697 2356 summi
1734 2308 1915 2360 Herois

67 2402 224 2475 'nostri
249 2404 483 2454 literatum
520 2406 784 2469 artiumque
823 2405 1052 2455 culturam
1088 2406 1264 2472 ingenii
1296 2406 1394 2454 eius
1424 2418 1469 2454 et
1503 2403 1731 2454 facundiae
1759 2406 1910 2456 latinae

84 2500 249 2564 pariter
271 2517 535 2568 gtaecaeque
575 2517 912 2561 monumenta,
947 2519 1054 2566 quae
1083 2519 1259 2569 magno
1294 2518 1404 2551 cum
1442 2500 1602 2550 nostro
1631 2501 1795 2552 dolore
1828 2505 1911 2553 tri-

85 2595 322 2649 stiffimum
353 2599 464 2650 illud
497 2600 731 2651 literarum
766 2603 1060 2669 naufragium
1088 2601 1278 2651 abstulit.
1347 2600 1632 2663 Loquuntur
1661 2601 1805 2652 hodie
1833 2603 1912 2652 ad-

960 2699 1005 2750 C
1038 2716 1068 2750 2
1823 2699 1917 2748 huc
