2567 3470
2512 0 2552 163 l

2518 177 2521 195 .

2519 206 2522 230 Ι

1696 301 1698 303 ,
2304 303 2307 306 ⁴
2465 279 2471 300 l

658 320 774 381 310
1269 300 1381 382 ‘Q
1461 302 1527 380 ><
1566 325 1604 366 0
1642 304 1709 382 ><
1783 304 1894 382 aa*
2480 272 2558 393 Ἴ·

657 427 834 479 diversa
868 427 1154 495 aliquantum
1188 429 1390 493 ratione3
1424 447 1475 480 re
1506 429 1597 497 ipsa
1628 447 1746 498 ergo
1774 429 2090 491 conveniunt,
2128 430 2178 482 in
2201 430 2350 484 modo
2382 419 2529 504 levis¹

664 526 728 577 est
760 526 1002 587 diffensus,
1035 529 1082 577 in
1104 529 1339 596 graduum
1366 528 1533 580 scilicet
1555 530 1665 580 serie
1683 545 1728 579 et
1750 529 2048 579 deductione.
2497 544 2499 546 ·
2527 518 2532 622 ¹

797 628 878 676 XI.
944 627 1165 679 Extrema
1178 628 1365 696 Sibyllae
1384 629 1507 679 *illius
1532 629 1572 679 F
1573 631 1783 690 rancicae,
1805 628 1947 695 Janae
1960 628 2164 688 Darciae,
2183 646 2291 695 quae
2312 631 2377 681 ob
2401 634 2506 698 pul-s
2526 635 2534 709 ¹

661 723 734 775 sos
769 726 826 775 ab
861 726 1103 777 obsidione
1137 729 1285 778 Urbis
1322 729 1525 779 Aureliae
1561 730 1746 796 Anglos
1770 763 1783 788 ,
1828 729 1910 779 sub
1945 728 2141 778 nomine
2174 712 2536 801 Aurelianetfi5¹

666 824 836 875 Puellae
857 826 1100 886 notissima,
1124 844 1326 893 quaeque
1350 829 1558 880 victricia
1587 826 1662 878 sua
1692 845 1817 878 arma
1846 828 1988 896 longe
2019 829 2199 893 lateque
2226 828 2382 894 postea
2415 844 2505 895 pro
2531 808 2540 920 ¹

667 923 833 973 Galliae
857 925 988 993 Rege
1021 926 1197 976 Carolo
1216 929 1321 978 VlI.
1351 927 1661 986 circumtulit,
1697 929 1821 977 miro
1853 928 2061 993 quodam
2094 926 2218 992 apud
2241 927 2506 981 Historicos
2534 921 2540 955 ¹

667 1022 886 1073 consensu
911 1024 1062 1084 tristia,
1081 1024 1346 1092 'disparique
1369 1028 1502 1093 plane
1523 1043 1547 1076 a
1570 1027 1820 1077 virtutibus
1846 1027 1945 1076 eius
1969 1028 2094 1076 exitu
2116 1026 2378 1076 traduntur.
2430 1027 2507 1079 Ab
2535 997 2543 1087 ¹

668 1123 836 1189 Anglis
857 1124 983 1172 enim
1009 1139 1166 1190 capta,
1191 1140 1236 1176 et
1261 1126 1444 1192 publice
1463 1128 1512 1176 in
1538 1127 1644 1176 soro
1662 1126 1996 1192 Rotomagensi
2020 1125 2260 1175 combusta
2281 1125 2505 1189 scribitur,
2541 1097 2547 1256 ¹

671 1221 785 1272 odio
814 1223 963 1289 magis
988 1223 1160 1288 ltaque,
1185 1225 1315 1290 quod
1345 1225 1400 1275 ab
1431 1225 1630 1293 ignobili
1658 1225 1807 1292 puella
1834 1226 1940 1274 Viri
1966 1225 2089 1274 bello
2116 1225 2306 1275 illustres
2330 1239 2399 1276 tot
2421 1226 2510 1278 cla·
2545 1260 2548 1295 3

668 1320 751 1370 des
781 1322 1081 1388 accepissent,
1110 1340 1251 1389 quam
1274 1325 1406 1389 quod
1429 1325 1602 1391 aliquid
1636 1339 1730 1375 tam
1760 1322 1884 1373 saevo
1906 1322 2132 1389 supplicio
2154 1324 2354 1391 dignum
2377 1342 2510 1376 cotn-
2545 1301 2551 1415 ¹

668 1420 863 1471 misisset.
951 1424 1015 1472 At
1043 1439 1181 1492 negat
1214 1424 1307 1474 hoc
1337 1430 1522 1475 loannae
1549 1423 1980 1481 vivicomburium,
2015 1424 2260 1472 communi
2294 1411 2510 1487 quamvis
2548 1418 2553 1507 ¹

670 1520 970 1585 Scriptorum
1005 1522 1225 1572 consensu
1259 1523 1496 1573 firmatum
1519 1523 1816 1591 Vignierius,
1853 1522 2060 1587 dicitque
2096 1522 2226 1571 aliam
2262 1523 2511 1575 muliercu-
2550 1510 2555 1587 ¹

673 1618 767 1669 lam
799 1619 1054 1670 maleficam
1078 1621 1219 1679 illius,
1252 1621 1417 1671 divino
1449 1621 1676 1672 beneficio
1705 1636 1762 1670 ex
1792 1620 2063 1687 Anglorum
2087 1621 2300 1670 manibus
2326 1636 2512 1688 ereptae,
2552 1589 2557 1687 ¹

674 1718 784 1767 loco
816 1718 1081 1784 impositam
1102 1719 1230 1769 fuisse
1262 1737 1410 1787 rogo,
1441 1738 1498 1770 eo
1523 1720 1653 1786 quod
1683 1721 1729 1770 hi
1755 1722 1890 1770 veriti
1911 1719 2011 1779 sint,
2048 1736 2105 1768 ne
2128 1719 2321 1778 milites,
2353 1720 2383 1769 fi
2410 1722 2514 1771 He-
2553 1689 2558 1769 Ι.

674 1819 887 1876 roinam,
913 1820 988 1868 cui
1014 1819 1150 1869 toties
1183 1833 1313 1887 terga
1344 1821 1552 1886 praebere
1574 1820 1722 1870 coacti
1742 1818 1869 1879 sunt,
1894 1820 1985 1870 vita
2009 1836 2061 1868 ac
2081 1819 2287 1869 libertate
2308 1819 2512 1886 gaudere
2556 1795 2561 1900 ¹

677 1916 1033 1982 cognouissent,
1067 1918 1278 1967 animum
1313 1917 1666 1984 desponderent.
1766 1918 1913 1968 Addit
1949 1933 2097 1984 porro
2130 1918 2274 1983 ipsam
2310 1918 2513 1970 Puellam
2559 1902 2567 1991 ¹

682 2016 829 2066 nobili
855 2015 1009 2081 postea
1033 2018 1154 2066 Viro
1177 2018 1223 2065 in
1247 2017 1563 2085 Lotharingia,
1588 2034 1758 2083 nempe
1778 2018 1972 2068 Roberto
1994 2016 2065 2066 des
2085 2015 2332 2082 Armoz'fts,
2359 2017 2516 2082 Equiti
2561 2013 2564 2064 ‘1

680 2114 902 2180 nupsisse,
938 2118 1311 2182 progeniemque
1347 2115 1537 2166 edidisse
1559 2150 1572 2175 ,
1611 2133 1717 2181 quae
1753 2116 1989 2180 hodieque
2024 2115 2225 2181 supersit.
2317 2116 2517 2167 Duobus
2561 2079 2567 2197 ¹

687 2228 843 2263 autem
867 2214 1167 2264 documentis
1193 2213 1406 2265 assertum
1431 2214 1564 2263 suum
1584 2214 1768 2264 firmare
1791 2216 1976 2273 nititur,
2009 2214 2223 2263 videlicet
2248 2214 2351 2264 MS.
2378 2214 2521 2265 veteri
2564 2209 2567 2285 ¹

684 2327 731 2362 et
763 2312 1026 2362 Contractu
1054 2312 1380 2362 matrimoniali
1410 2313 1530 2361 inter
1560 2313 1763 2362 Puellam
1797 2312 2162 2363 Aurelianensem
2190 2327 2235 2363 et
2257 2313 2520 2364 Robertum

692 2413 821 2461 illum
854 2412 995 2470 inito,
1030 2427 1137 2475 quae
1159 2411 1299 2460 ambo
1320 2428 1342 2460 a
1365 2412 1524 2461 Fratre
1555 2411 1718 2477 ipsius,
1752 2413 2058 2479 Hieronymo
2078 2398 2353 2479 Vignierio,
2389 2412 2519 2474 Patre

689 2512 927 2568 Oratorii,
961 2509 1183 2560 Historiae
1210 2510 1541 2577 Genealogicae
1563 2511 1768 2561 Familiae
1799 2510 2004 2562 Alsaticae
2027 2524 2240 2571 auctore,
2276 2528 2301 2562 e
2323 2510 2519 2562 tenebris

695 2624 846 2672 eruta3
880 2624 924 2659 et
948 2609 1050 2660 MS.
1072 2592 1274 2673 'quidem
1312 2608 1480 2669 Metis,
1510 2610 1823 2664 Contractum
1851 2628 1966 2663 vero
1990 2613 2037 2661 in
2057 2610 2221 2663 Castro
2240 2611 2421 2677 Equitis
2450 2607 2519 2661 des

2346 2709 2543 2766 Armi--
