2503 3444
14 543 22 641 ,κιρ-ς
16 371 21 475 .„„<
16 242 19 313 „„-

15 1094 22 1133 ..
0 1019 22 1079 -Αὶ

17 2575 20 2584 -
16 2508 22 2563 -..
17 2468 21 2498 .-ψ
16 2390 22 2454 --
0 1306 26 2379 -fflffiffl-ffl--wqffl-„w-Jffvn-
14 1262 20 1290 ..i
17 1234 21 1249 -
14 1183 22 1223 a»

693 296 804 375 'Q
883 294 1314 374 )(0)(2ss'
1850 314 1917 379 85

228 428 375 481 Macti
397 425 537 478 estote
563 422 734 474 virtute
757 435 802 471 et
831 422 1022 488 ingenio
1051 421 1228 482 vestre,
1256 425 1337 488 qui
1361 413 1618 492 praecipuas
1641 425 1743 477 heic
1766 427 1923 480 laudes

98 527 362 594 decerpitis,
391 523 637 576 Candidati
659 520 901 573 Cariffimi.
951 521 1203 572 Academia
1220 520 1309 574 suis
1333 540 1420 575 vos
1443 539 1635 576 exornat
1659 525 1923 587 decoribUS,

99 614 147 680 in
178 627 310 676 vobis
342 625 415 675 sua
440 622 723 673 efflorescere
748 620 938 688 infignia
971 637 1070 670 non
1102 620 1195 670 fine
1220 620 1399 674 summa
1419 624 1702 675 iucunditate
1728 639 1923 676 contue-

98 726 232 778 bitur.
302 724 428 789 Quae
459 739 573 771 vero
595 721 731 771 vobis
754 720 971 788 largiatur
985 720 1143 770 bona?
1178 736 1286 786 quae
1308 721 1483 772 diuidat
1502 740 1697 775 munera
1719 722 1924 776 amantii:

95 823 203 876 fima
227 822 407 873 mater'.2
448 823 555 871 Nec
578 820 876 878 diuitiaS,‘nec
897 822 1024 886 opes.
1072 819 1216 870 Dedit
1233 819 1303 870 illa
1320 821 1471 880 vobiS,
1496 822 1629 887 quod
1652 825 1797 891 longe
1823 841 1921 875 ma·

93 907 176 977 iis,
207 924 346 985 longe
370 920 664 985 praestabilius
690 917 768 976 est,
801 918 974 968 bonam
998 932 1222 978 mentem,
1253 918 1534 980 doctrinam,
1574 921 1922 988 humanitatem.

94 1019 432 1072 cohonestabit
455 1034 541 1068 vos
563 1017 764 1082 denique
786 1018 869 1067 illis
892 1018 1177 1078 muneribus,
1191 1035 1298 1084 quae
1318 1035 1406 1070 vos
1425 1037 1521 1070 non
1537 1023 1702 1087 pretio,
1715 1040 1812 1073 non
1836 1023 1924 1075 ho·

95 1119 275 1170 minum
290 1119 626 1183 ‘imperitorum
649 1116 833 1175 iudicio,
853 1115 926 1165 fed
950 1132 1006 1165 ex
1021 1117 1291 1182 Sapientum
1314 1121 1583 1170 auctoritate
1600 1121 1891 1175 aestimabitis.

225 1216 394 1285 Qum
432 1231 585 1265 autem
620 1216 915 1275 ceremonia,
951 1217 1084 1266 cuius
1121 1217 1400 1284 peragendae
1434 1221 1581 1286 gratia
1612 1221 1733 1271 hanc
1765 1223 1925 1274 cathe-

95 1314 225 1366 dram
257 1312 536 1371 conscendi,
572 1330 628 1361 ex
660 1330 794 1361 more
837 1315 1084 1372 maiorum,
1120 1315 1252 1386 breui
1283 1317 1554 1382 auspicanda
1585 1319 1638 1369 fit
1667 1320 1923 1382 Oratione,

93 1412 205 1464 nihil
233 1411 389 1460 nostro
414 1411 655 1476 proposito
680 1412 1034 1460 conuenientius
1058 1429 1135 1460 me
1164 1412 1396 1464 facturum
1423 1414 1510 1464 effe
1529 1419 1755 1482 reputaui,
1781 1435 1924 1483 quam

94 1511 129 1562 ii
155 1512 212 1560 de
251 1510 523 1578 Eloquentiae
545 1511 747 1576 praemiis
777 1525 919 1572 pauca
965 1511 1020 1558 ad
1055 1526 1142 1560 vos
1172 1511 1310 1561 Verba
1343 1513 1575 1574 facerem,
1610 1533 1721 1567 cum
1756 1535 1923 1573 eorum

92 1610 292 1660 victores
323 1611 484 1659 talibus
521 1626 686 1657 ornare
718 1610 922 1673 praemiis
951 1609 1084 1674 prisci
1115 1623 1160 1659 et
1191 1610 1334 1659 medii
1364 1614 1454 1662 aeu‘i
1489 1613 1779 1667 consueuerit
1808 1622 1925 1670 anti-

92 1709 254 1774 quitas,
281 1710 428 1772 qualia
459 1724 503 1755 et
539 1724 622 1756 nos
643 1707 875 1756 hodierno
896 1706 971 1755 die
1005 1708 1053 1756 in
1077 1707 1230 1757 castris
1255 1709 1489 1761 Mineruae
1512 1713 1812 1769 militantibus
1833 1718 1924 1768 im-

93 1809 249 1873 pertiri
282 1806 493 1853 solemus.

222 1905 349 1954 Cum
375 1902 630 1962 solennium
654 1904 878 1954 ludorum
898 1905 1161 1969 spectaculis
1186 1906 1339 1957 dedita
1361 1909 1475 1958 olim
1503 1927 1603 1975 prae
1626 1917 1788 1966 ceteris
1803 1933 1923 1984 gen-

70 2001 212 2058 ,tibus
235 2001 373 2050 fuerit
399 2002 535 2051 solers
558 2003 769 2061 Graecia,
806 2018 956 2052 tantus
980 2005 1028 2051 in
1059 2004 1143 2052 illis
1167 2003 1288 2054 visus
1320 2006 1385 2055 est
1408 2024 1676 2073 apparatuS,
1709 2027 1803 2063 tam
1824 2032 1923 2068 rara
1994 2028 1997 2031 ’

95 2099 243 2169 inillis
265 2101 383 2149 edita
405 2101 504 2150 [unt
528 2102 711 2150 virtutis
744 2101 1014 2166 specimina,
1051 2116 1102 2151 vt
1134 2119 1234 2152 non
1267 2107 1491 2170 praecipui
1523 2109 1673 2160 modo
1695 2111 1820 2163 istius
1849 2131 1923 2165 re·

93 2199 244 2265 §ionis
267 2215 496 2263 procereS,
530 2198 603 2248 feti
628 2215 684 2247 ex
707 2200 1039 2250 remotioribus
1067 2217 1260 2267 quoque
1287 2205 1420 2254 terris
1446 2205 1613 2258 heroes
1636 2223 1775 2261 tantae
1801 2212 1922 2263 festi·
1991 2231 1996 2235 ·

95 2295 241 2346 uitatis
273 2312 494 2361 cuperent
521 2297 608 2346 effe
637 2297 926 2362 spectatores·
994 2299 1340 2352 Celeberrimus
1373 2304 1572 2371 quisque
1609 2308 1921 2377 Philosophus

96 2391 177 2443 inis
207 2394 413 2458 intereffe
452 2394 573 2445 haud
605 2396 880 2462 dedignatus
908 2397 984 2445 est.
1072 2399 1202 2447 Hinc
1230 2399 1429 2461 factum,
1465 2418 1519 2452 ur
1536 2406 1752 2469 paulatim
1779 2423 1920 2460 certa-

98 2492 294 2540 minibus
326 2493 561 2551 athleticis,
590 2495 635 2542 in
657 2494 827 2557 quibus
846 2478 917 2543 de
938 2495 1132 2555 robore,
1166 2497 1226 2547 de
1247 2498 1516 2550 dexteritate
1533 2534 1546 2560 ,
1582 2502 1640 2551 de
1669 2505 1846 2557 viribus
1872 2521 1920 2558 et

95 2591 355 2654 pernicitate
387 2592 602 2657 corporis
624 2593 876 2658 praesertim
908 2593 1158 2659 agebatur,
1193 2597 1494 2664 ingeniorum
1525 2615 1718 2668 quoque
1749 2605 1917 2655 adiice-

967 2690 1005 2742 L
1039 2708 1068 2754 3
1240 2736 1246 2742 »
1756 2716 1918 2755 rentur
