2503 3444
0 0 87 192 l

0 2189 3 2369 l

690 317 1318 397 Q)(0)<ss
1703 313 1713 321 ’
1853 343 1921 400 35

87 437 368 496 humanitate
404 454 514 492 cum
547 441 641 492 aliis
673 441 897 492 certando
934 442 1132 493 dubium
1170 442 1289 510 saepe
1333 446 1547 512 reliquit,
1582 459 1741 498 utrum
1773 450 1924 499 maior

43 542 188 595 ell‘et
209 558 366 601 amor,
401 557 543 605 quem
565 542 768 608 aceepit,
800 557 854 590 an
880 557 1023 606 quem
1046 541 1262 592 reddidit.
1331 545 1510 610 Neque
1541 562 1658 597 vero
1680 548 1797 596 intra
1831 547 1921 598 hos

85 655 263 692 tanturn
295 640 463 688 limites
493 639 798 690 constrictum
832 639 961 689 fuisse
994 642 1218 691 Defuncti
1258 642 1404 730 nostri
1432 660 1542 710 erga
1575 644 1793 695 homines
1830 645 1925 695 stu-

51 739 232 829 dium,
269 740 341 789 illa
370 740 608 804 peculiaiis
637 739 749 788 Eius
786 739 834 788 in
859 740 1140 806 peregrinos
1170 742 1366 790 comitas
1407 741 1709 792 demonstimat
1779 745 1924 794 Sinite

81 823 156 887 me
189 837 282 887 hoc
314 838 423 886 loco
450 871 463 896 ,
509 838 797 897 Auditores,
832 839 878 886 in
903 851 996 888 tarn
1031 837 1222 887 insolitae
1250 855 1360 905 erg]
1397 838 1597 889 Exteros
1630 841 1926 907 benignitatis

61 937 472 1002 contemplatione
514 935 743 985 subsistere
782 936 1017 1002 paulisper.
1115 937 1243 1003 Qiis
1277 939 1402 986 enim
1448 937 1504 987 ad
1541 938 1758 988 illustrem
1792 939 1921 988 hunc

78 1034 359 1085 Heliconem
390 1034 580 1093 accessit,
622 1051 763 1099 quem
784 1035 896 1085 Eius
920 1036 1157 1086 decantata
1183 1036 1445 1086 humanitas
1468 1054 1564 1086 non
1579 1038 1823 1103 exceperit
1847 1049 1924 1087 aut

79 1134 391 1216 praeuenerit?
434 1134 586 1183 Tanta
619 1135 704 1182 fuit
739 1134 865 1200 genii
896 1135 964 1182 tui
996 1134 1210 1193 indoles,
1248 1135 1490 1185 Excellens
1521 1136 1724 1194 Anima,
1761 1137 1918 1186 cuius-

77 1248 259 1296 cunque
294 1232 392 1280 imo
416 1233 488 1280 vel
523 1232 670 1281 infimi
702 1232 880 1282 ordinis
902 1232 1145 1292 homines,
1180 1234 1300 1283 nulla
1333 1235 1512 1283 ratione
1534 1234 1648 1283 Tibi
1672 1248 1814 1284 notos
1840 1247 1921 1283 aut

81 1329 435 1381 commendatos
475 1331 594 1378 inter
637 1330 898 1397 graviffima
930 1333 1108 1394 quaeuis
1143 1333 1330 1398 negotia
1370 1333 1444 1381 vel
1478 1350 1588 1381 cum
1634 1333 1920 1382 detrimento

47 1422 190 1480 Tuo
219 1443 264 1478 et
293 1442 386 1479 tarn
417 1428 603 1494 pretiosi
626 1430 674 1478 Γ
678 1429 739 1478 ibi
762 1430 989 1494 temporis
1017 1428 1136 1494 saepe
1164 1431 1336 1479 iactura
1371 1430 1535 1494 aequali
1570 1429 1751 1497 semper
1774 1432 1921 1480 comi-
1963 1488 1966 1489 ⁷

78 1541 189 1587 tate,
223 1528 386 1592 aequali
406 1526 584 1593 semper
606 1528 756 1576 studio
781 1525 1005 1593 suscepisti
1036 1541 1173 1618 fitque
1202 1527 1369 1578 officiis
1397 1529 1518 1579 fuis
1542 1530 1600 1579 ita
1630 1530 1917 1595 praeuertisti,

78 1641 128 1677 ut
148 1626 347 1694 insignes
369 1626 666 1693 benignitatis
692 1627 816 1674 Tuae
845 1626 1023 1675 fructus
1058 1627 1147 1676 iam
1171 1626 1413 1686 sentirent,
1450 1645 1562 1677 cum
1582 1645 1697 1678 eam
1729 1628 1810 1677 fibi
1837 1628 1921 1687 de·

64 1725 265 1791 poscere
289 1725 504 1774 nondum
539 1723 629 1772 anfi
660 1722 772 1772 sunt
842 1724 902 1772 Et
930 1741 1038 1788 quae
1074 1725 1159 1773 fuit
1186 1726 1257 1774 illa
1285 1725 1537 1791 praesertim
1563 1727 1670 1776 Tua
1698 1726 1919 1775 mirabilis

76 1841 182 1891 erga
206 1840 282 1872 me
304 1823 659 1881 beneuolentia²
696 1839 806 1870 cnm
839 1822 896 1871 ad
931 1822 1160 1871 celebrem
1194 1824 1314 1874 hanc
1351 1824 1815 1891 Argentoratenfium
1851 1824 1917 1873 se-

77 1921 186 1971 dem
223 1920 389 1987 hospes
428 1922 636 1987 primum
665 1919 977 1986 appulissem?
1012 1922 1144 1970 cuius
1178 1923 1393 1986 pioiecto
1418 1922 1658 1970 feliciffimi
1689 1923 1919 1995 temporis

78 2037 174 2070 non
197 2019 289 2069 fine
321 2019 604 2069 iucunditate
637 2019 890 2077 haetenus,
928 2034 1054 2068 nunc
1088 2036 1204 2069 vero
1239 2020 1448 2069 maximo
1479 2037 1588 2069 cum
1623 2020 1790 2070 dolore
1816 2018 1917 2069 sum

77 2118 355 2169 recordatus.
424 2118 586 2187 Qam
625 2118 827 2167 certabas
861 2132 965 2167 tum
997 2114 1401 2168 ΠουυεῬΜτοηυς
1432 2136 1543 2167 cnm
1578 2135 1710 2168 nouo
1734 2118 1916 2169 Cliente

78 2218 181 2267 Tuo
203 2217 359 2266 studiis
385 2231 522 2283 atque
544 2215 738 2275 officiis,
774 2233 867 2283 ego
899 2233 1060 2265 amore
1084 2231 1128 2266 et
1157 2219 1414 2266 reuerentia
1437 2218 1566 2270 Tui
1552 2219 1573 2255 9
1622 2217 1785 2284 Quam
1817 2218 1915 2266 exi-

44 2344 51 2351 ·
78 2318 225 2365 mium
255 2329 300 2365 et
333 2331 571 2380 nunquam
608 2333 703 2365 non
729 2317 799 2381 pia
834 2330 991 2365 mente
1023 2316 1330 2366 recolendum
1359 2315 1445 2365 fuit
1470 2315 1589 2365 istud
1617 2317 1788 2366 fauoris
1815 2316 1915 2365 Tui

79 2415 248 2481 pignus
269 2448 282 2473 ,
314 2413 443 2478 quod
478 2415 686 2480 primum
722 2414 838 2462 mihi
879 2412 1068 2473 dtd1st1,
1103 2431 1295 2479 quoque
1328 2416 1417 2464 mai
1422 2430 1476 2464 us
1513 2414 1630 2462 mihi
1674 2415 1781 2464 dare
1815 2430 1914 2463 non

0 2498 48 2554 Ἀ
79 2512 296 2577 potuisses
316 2546 329 2571 >
365 2512 496 2576 quod
526 2529 609 2577 per
637 2513 713 2561 Te
742 2512 997 2577 praesertim
1031 2514 1078 2560 in
1108 2513 1220 2562 Eius
1255 2514 1359 2561 Viri
1389 2513 1678 2561 conuictum
1700 2526 1776 2566 et,
1805 2527 1914 2577 quae

80 2612 235 2675 paucis
270 2611 469 2677 contigit
503 2609 726 2669 felicitaS‚
761 2612 956 2676 propius
990 2612 1332 2660 commercium
1366 2623 1580 2674 receptus
1614 2608 1746 2670 sum,
1782 2613 1914 2661 cuius

963 2709 1003 2759 E
1041 2727 1068 2759 2
1647 2724 1651 2725 ⁷
1756 2722 1912 2774 patro-
