2585 3485
678 330 1298 408 Qssoxeffl
1657 421 1662 428 ι
1831 346 1898 403 13

72 471 174 511 mm
196 456 492 515 meditatione
519 487 532 512 ,
565 470 637 503 eas
658 453 738 502 fibi
762 467 981 518 tanquam
1022 451 1218 502 totidem
1251 451 1460 502 imitandi
1491 452 1772 501 documenta
1793 469 1907 516 pro-

16 602 28 607 -
73 573 261 622 ponere.
329 553 510 602 Videor
542 552 656 600 mihi
679 551 880 616 denique
903 551 1060 617 Ipsum
1106 552 1154 599 in
1177 550 1482 600 vetustiffimis
1506 552 1754 600 Annalium
1801 566 1907 598 mo-
1965 607 1967 609 ι

75 653 308 703 numentis
353 651 561 700 defixum
611 649 900 714 conspicere,
928 663 971 698 et
1008 650 1063 701 in,
1090 650 1143 697 iis
1179 665 1369 713 quoque
1404 649 1627 698 Miltiadis
1663 663 1908 697 numerare

73 752 345 808 certamina,
384 749 521 798 Marii
548 749 764 816 extollere
797 749 1046 807 victorias,
1081 745 1283 797 Caesaris
1322 745 1583 811 praedicare
1625 745 1909 810 triumphOS,

74 865 118 899 ct
140 850 209 899 illa
233 846 492 914 pracsertim
518 847 731 895 Maximo
758 846 973 912 Principe
999 845 1263 912 digniffima
1290 843 1488 911 Augusti
1513 845 1635 908 pacis
1671 843 1813 892 studia
1835 842 1910 891 ad-

74 948 240 996 mirari.
308 946 358 995 O
407 923 654 994 extractam
707 944 889 993 coelesti
934 943 1104 993 semine
1153 943 1392 995 indolem!
1427 942 1478 991 O
1505 939 1734 990 consciam
1775 957 1911 990 verae

75 1043 320 1094 Maiestatis
353 1042 679 1096 ambitionem!
720 1043 985 1106 Crepundia
1010 1043 1120 1091 haec
1145 1055 1272 1091 erant
1297 1042 1442 1108 Regis
1478 1041 1639 1098 teneri,
1669 1056 1785 1103 quae
1814 1055 1912 1088 ma-

73 1154 199 1190 turae
242 1141 438 1189 aliorum
479 1142 631 1189 aetatis
663 1139 754 1190 sera
794 1141 898 1189 sunt
941 1142 1309 1189 exercitamenta.
1377 1141 1432 1188 In
1468 1140 1624 1203 primo
1676 1154 1911 1187 annorum

76 1238 201 1288 aditu
244 1239 334 1296 iam
377 1251 589 1286 veterum
621 1239 842 1286 Heroum
867 1238 1163 1300 ⁴commercia
1202 1237 1379 1301 quaerit
1412 1234 1839 1285 LVDOVICV
1853 1236 1912 1293 S,

77 1350 144 1394 et,
192 1349 242 1383 vt
281 1336 487 1400 Magnus
524 1337 593 1383 ille
629 1336 864 1394 Macedo,
921 1337 1162 1385 Maiorum
1216 1336 1411 1384 virtutes
1449 1332 1683 1382 lustrando
1732 1331 1913 1382 futurae

74 1432 382 1501 magnitudini
419 1431 518 1481 stiae
547 1432 669 1496 quali
693 1432 930 1497 praeludit.
999 1433 1105 1480 Imo
1137 1432 1259 1480 inter.
1293 1431 1405 1480 haec
1441 1429 1672 1495 praeludia
1693 1462 1706 1486 2
1741 1428 1913 1493 praesa-

76 1548 141 1600 go
174 1531 380 1596 quodam
414 1530 616 1579 fatorum
667 1530 868 1588 iudicio,
904 1528 977 1579 sua
1022 1529 1268 1593 aliquando
1295 1529 1418 1594 pacis
1460 1527 1659 1591 bellique
1690 1527 1914 1593 trophaea

40 1618 51 1623 ”
76 1629 233 1678 diuina
262 1630 351 1678 iam
397 1642 550 1677 mente
589 1630 759 1694 agitat3
794 1627 885 1677 hoe
921 1627 1069 1677 solum
1099 1627 1394 1693 indignatus,
1431 1626 1561 1691 quod
1600 1642 1683 1692 per
1722 1640 1916 1675 aetatem

77 1744 269 1777 omnem
300 1726 420 1774 illam
462 1727 660 1792 gloriam
702 1727 887 1791 populis
910 1725 998 1775 suis
1025 1725 1242 1775 nondum
1267 1724 1548 1791 praesentem
1587 1723 1735 1772 sistere
1770 1724 1914 1773 liceat.

81 1823 200 1873 Rara
226 1823 337 1870 haec
369 1836 412 1869 et
446 1825 644 1872 maxima
686 1824 897 1872 diceretis
921 1857 935 1882 ,
971 1824 1253 1882 Auditores,
1291 1822 1373 1872 nifi
1401 1821 1601 1872 excelsus
1636 1823 1708 1870 ille
1739 1824 1917 1889 Regius

80 1919 218 1968 ardor
253 1918 499 1967 rarioribus
525 1934 610 1967 nos
646 1919 735 1967 iam
759 1919 944 1983 pridem
967 1920 1288 1978 assuefecisset,
1321 1921 1527 1983 illudque
1559 1920 1744 1984 insuper
1781 1921 1919 1969 adde-

79 2030 148 2066 ret
175 2014 471 2072 miraculum,
507 2015 636 2078 quod
666 2032 747 2080 per
770 2032 912 2064 omne
937 2015 1220 2074 studiorum,
1257 2032 1339 2079 per
1368 2032 1513 2064 omne
1537 2014 1723 2081 insuper
1749 2018 1916 2066 artium

81 2128 230 2181 genus
270 2128 430 2175 rapere
463 2127 554 2161 tam
596 2100 838 2161 sublimem
873 2115 1067 2179 genium
1113 2113 1334 2162 videatur.
1402 2112 1463 2160 Et
1496 2112 1656 2161 habuit
1692 2111 1793 2162 sane
1823 2114 1917 2163 hoc

82 2213 172 2261 iam
203 2209 384 2276 pridem
415 2223 522 2274 prae
563 2210 655 2259 aliis
680 2210 914 2259 Gentibus
954 2210 1182 2275 pecdliare
1210 2208 1521 2258 florentiffima
1563 2210 1918 2261 Borboniorum

83 2309 295 2366 Familia,
325 2307 454 2372 quod
479 2321 632 2357 tantos
659 2308 763 2357 orbi
788 2308 1028 2358 ostentauit
1052 2309 1282 2373 Principes
1303 2341 1316 2367 ,
1352 2309 1430 2371 q'ui
1453 2307 1681 2373 generoso
1707 2309 1918 2373 quodam

83 2408 130 2455 in
166 2407 314 2454 literas
359 2419 546 2465 amore,
594 2407 701 2454 inde
754 2406 949 2456 demum
1003 2423 1161 2455 veram
1195 2407 1378 2471 imperii
1428 2407 1494 2454 sui
1542 2406 1919 2472 magnitudinem

80 2503 398 2560 aestimarunt,
432 2503 463 2552 s1
493 2504 610 2552 inter
637 2505 828 2555 Martias
855 2503 1061 2570 ipsorum
1095 2505 1264 2570 palmas
1295 2504 1514 2567 frequens
1539 2520 1731 2567 quoque
1768 2506 1919 2569 Apol-

69 2600 226 2651 ,lineae
255 2600 368 2650 lauri
394 2615 652 2665 prouentus
678 2603 1030 2669 conspiceretur.
1104 2602 1195 2653 Sed
1215 2604 1264 2652 in
1284 2602 1367 2653 hac
1396 2588 1488 2651 iam
1509 2614 1648 2652 aetate
1674 2615 1801 2653 tanto
1826 2601 1919 2651 fer-

997 2699 1036 2748 B
1073 2716 1098 2764 3
1802 2715 1918 2750 vore
