2585 3485
675 336 785 414 ’6Ἁώ
865 336 1112 412 )(0)(
1191 332 1302 410 off&
1833 356 1900 412 33

66 478 133 516 tas
171 459 217 514 et'
247 479 343 512 rara
385 462 653 511 clementia:
690 463 770 512 Tu
822 461 1112 517 Borbonios,
1149 460 1232 526 [su
1273 459 1746 510 LVDOVICOS
1776 464 1904 510 Tuos

1392 558 1402 582 3

0 581 5 602 ⁴-
65 561 272 625 respici83
308 575 444 624 atque
464 559 510 608 id
540 577 686 626 porr<-
712 560 857 624 stirpis
881 561 1016 608 Tuae
1050 557 1280 606 miraculis
1318 557 1488 616 addes,
1524 557 1687 622 quod,
1723 573 1832 607 cum
1855 559 1903 606 in

66 658 251 725 augusta
280 658 364 708 hac
402 659 589 724 Regum
621 660 945 707 Maximorum
982 660 1096 723 triga
1131 656 1314 704 nonnisi
1342 657 1525 703 Mrem
1558 672 1600 705 et
1638 658 1766 706 Ivsrt
1814 673 1904 706 nu-

65 771 328 815 merentur,
379 755 488 815 Tu,
533 771 584 806 vt
632 758 789 806 omnia
832 755 951 805 solus
1002 756 1357 819 complectaris,
1402 753 1676 803 Pssanacrvs
1734 754 1902 804 dicere.

67 855 200 905 Vidit
221 869 265 904 et
290 856 476 904 laetatus
501 856 564 904 est
592 856 861 911 olimstotus
897 856 968 903 ille
1002 855 1218 904 Deorum
1256 852 1522 925 coelestium
1558 852 1757 910 chorus,
1792 869 1904 904 cum

70 953 329 1018 procedens
361 969 417 1001 ex
439 954 584 1003 Idaeis
605 954 745 1002 antris
768 968 812 1002 et
837 954 1048 1018 suprema
1072 953 1168 1018 poli
1188 969 1291 1001 arce
1315 950 1516 1009 residens
1543 952 1807 1016 primaeuus
1830 952 1903 1000 ille

70 1052 245 1115 Iupiter
279 1052 515 1100 trisulcum
546 1052 652 1100 illud
695 1051 868 1102 fulmen
894 1066 1135 1115 torquere,
1172 1052 1320 1100 nubes
1346 1049 1576 1108 scindere,
1613 1063 1657 1098 et
1695 1049 1903 1100 sublimia

70 1148 212 1199 totius
263 1150 463 1198 vniuerfi
517 1150 828 1216 gubernacula
885 1165 1075 1199 tractare
1131 1152 1367 1215 inciperet.
1466 1148 1627 1213 Quam
1688 1147 1904 1197 conuersi

71 1228 285 1295 omnium
324 1249 537 1313 gentium
570 1249 618 1296 in
649 1249 725 1296 Te
756 1249 905 1306 oculi,
940 1248 1150 1314 Auguste
1183 1245 1492 1304 Adolescens,
1527 1246 1687 1309 quanti
1721 1262 1804 1310 per
1834 1259 1905 1295 to-

69 1355 162 1393 tam
184 1345 381 1395 Galliam
412 1346 588 1411 plausus
613 1360 749 1410 atque
778 1347 1031 1410 triumphi,
1056 1346 1198 1408 ‘quod
1231 1346 1312 1393 Tu
1337 1343 1524 1394 illustria
1545 1345 1653 1392 Tua
1675 1343 1903 1410 regnandi
1948 1393 1952 1397 ,

69 1443 346 1493 tirociniain
372 1443 618 1494 vastiffimo
649 1444 786 1492 huius
813 1443 941 1492 orbis
962 1442 1166 1500 theatro,
1201 1440 1508 1507 applaudente
1531 1455 1601 1490 tot
1626 1441 1903 1506 Principum

73 1557 272 1601 corona,
323 1556 416 1591 tam
457 1544 599 1592 laetus
634 1542 846 1608 deponis.
947 1541 1112 1590 Latent
1146 1540 1372 1590 nimirum
1403 1541 1451 1587 in
1496 1538 1601 1604 ipfis
1636 1539 1708 1589 his
1742 1557 1903 1590 rerum

67 1637 282 1688 Tuarum
314 1642 515 1690 exordiis
542 1641 698 1690 altiora
737 1638 1057 1706 prouidentiae
1095 1640 1277 1688 diuinae
1306 1654 1485 1690 arcana.
1552 1636 1771 1704 Suspensa
1797 1637 1902 1688 sunt

48 1736 141 1795 *illa
179 1739 266 1787 toti
302 1739 516 1803 Europae
549 1738 870 1788 reformandae
903 1738 1102 1787 instituta
1146 1738 1271 1804 pacis
1308 1736 1652 1787 Cameracensis
1690 1722 1902 1804 negotia;

73 1830 229 1881 haeret
266 1834 479 1899 ambigua
532 1836 651 1883 inter
688 1837 927 1899 Principes
970 1837 1250 1895 concordia,
1285 1849 1331 1885 et
1372 1849 1468 1885 tam
1514 1836 1622 1896 diu,
1671 1837 1901 1902 tantisque

2 1946 5 1990 ᾗ
74 1930 337 1978 animorum
359 1931 562 1979 motibus
587 1933 674 1980 iam
699 1933 893 1997 agitata,
927 1933 1064 1982 Tuos
1083 1934 1186 1983 illos
1217 1947 1381 1992 nutus,
1416 1934 1582 1982 Tuum
1609 1934 1901 2003 praesidium,

73 2026 148 2077 Te
185 2029 405 2082 arbitrum
427 2064 440 2087 ‚
475 2033 541 2078 Te
566 2030 911 2080 moderatorem
934 2032 1064 2080 anxia
1085 2044 1323 2096 expectat:
1351 2044 1404 2079 vt
1423 2030 1501 2079 Te
1532 2019 1901 2081 communicer-

72 2125 332 2190 tiffimoque
364 2127 610 2177 securitatis
644 2110 843 2194 pignore
879 2140 1119 2177 aeternum
1158 2128 1506 2193 obfignaretur3
1550 2142 1602 2178 vt
1637 2140 1662 2178 a
1696 2129 1902 2182 restituta

72 2239 154 2290 per
176 2225 341 2275 orbern
374 2240 599 2276 terrarum
635 2226 984 2290 tranquillitate,
1020 2226 1128 2275 Tua
1156 2225 1417 2290 imperandi
1446 2226 1731 2291 primordia,
1763 2230 1900 2279 raris-

73 2321 189 2371 fimo
220 2322 275 2372 ad
319 2340 511 2374 omnem
547 2325 856 2391 posteritatem
893 2325 1110 2390 exemplo
1123 2358 1138 2383 ,
1191 2337 1476 2374 notarentur.
1545 2324 1678 2375 Adeo
1723 2325 1899 2392 duplici

72 2420 278 2469 Maiores
315 2426 442 2472 Tuos
473 2423 621 2489 gloria
658 2425 708 2472 in
741 2422 827 2472 hac
861 2423 951 2471 iam
986 2435 1126 2472 aetate
1159 2420 1455 2474 transcendis,
1522 2423 1803 2476 Furentibus
1833 2425 1896 2474 illi

72 2516 300 2567 bellorum
333 2519 537 2569 ciuilium
565 2521 791 2580 flammis,
826 2520 1012 2570 turbato
1030 2519 1307 2571 factionibus
1328 2522 1500 2587 Regno
1529 2521 1736 2572 minores
1763 2524 1896 2575 annis

69 2614 272 2673 admoti,
306 2616 393 2668 {uis
427 2618 508 2668 vix
538 2634 671 2684 pares
705 2617 793 2671 effe
828 2617 968 2670 rebus
1013 2617 1315 2683 videbantur3
1364 2617 1893 2673 TurerumTuarum

133 2713 256 2766 Pars
289 2715 324 2764 I.
1009 2715 1051 2767 Ε
1740 2718 1896 2776 Omni,-⁴
