2503 3444
672 305 1296 386 Q)(0)(ss
1832 325 1902 367 21

23 487 28 490 .
50 436 211 500 snat-ia
237 435 524 499 reciperent,
566 446 808 497 nunquam
831 432 904 481 vel
930 432 1052 481 votis
1072 431 1231 489 talem,
1269 431 1452 495 qualem
1473 431 1677 481 vidimus
1696 464 1709 490 ‚
1746 433 1908 482 conci-

46 530 183 603 Jpere
220 534 386 582 liceret.
461 529 719 581 —Rediissent
751 529 964 595 profecto
993 527 1074 578 sub
1109 528 1248 578 huius
1279 530 1487 594 Imperio
1521 547 1655 580 aurea
1683 529 1755 580 illa
1788 545 1908 580 tern-

31 602 211 700 .'·-'pora;
245 632 430 694 antiqua
461 630 575 679 olim
610 630 885 694 Respublica
914 626 1189 677 refloruisset
1207 661 1220 686 ‚
1257 643 1399 691 quatri
1432 629 1479 676 in
1510 628 1754 693 pristinum
1785 644 1909 678 certe

53 730 260 789 statum,
291 728 366 778 fied
398 727 705 777 feliciffimurn
744 727 1034 777 restituturus
1065 725 1370 787 credebatur;
1406 728 1622 790 quamuis
1649 727 1747 777 latis
1783 727 1911 777 resti-

49 841 243 886 ÷tutam‚
277 827 310 876 fi
339 828 650 876 Germanicus
679 824 952 891 imperasset.
1023 824 1210 893 Quodsi
1239 840 1439 891 magnus
1466 825 1538 874 ille
1571 825 1787 875 libertatis
1810 827 1909 876 Ro-

46 942 220 987 »manae
241 924 450 984 assertor,
488 930 810 990 maximusque
835 926 1023 992 Regum
1046 924 1189 974 hostis
1213 924 1388 974 Brutus
1409 923 1615 973 seculum
1645 924 1763 973 istud
1786 924 1887 974 visu

47 1024 175 1082 irus,
209 1038 386 1073 tantum
414 1000 678 1088 Principem
703 1026 929 1074 Romanae
959 1023 1207 1074 Maiestatis
1233 1023 1401 1073 solium
1424 1023 1671 1088 aliquando
1693 1024 1911 1073 conscen-

35 1120 227 1172 v-*surum
259 1122 512 1188 intelligere
535 1122 774 1187 potuisset,
806 1124 988 1190 Regem
1015 1139 1112 1172 non
1136 1123 1358 1187 Regnum
1387 1126 1552 1171 Romae
1575 1119 1835 1180 sustulisset,
1864 1136 1910 1172 et

51 1219 106 1274 ,fi
129 1237 210 1287 per
234 1237 391 1268 rerum
419 1236 627 1271 naturam
651 1222 830 1279 liceret,
863 1220 943 1271 sub
968 1221 1042 1270 tali
1064 1219 1275 1269 voluisset
1304 1221 1465 1268 vivere
1497 1220 1714 1284 imperio,
1740 1221 1788 1268 in
1811 1236 1909 1284 quo

51 1328 129 1377 :san
162 1319 452 1388 principatus
475 1353 489 1378 ‚
535 1337 591 1369 an
629 1319 906 1385 Respublica
945 1319 1215 1384 praeualeret
1237 1353 1254 1378 ,
1285 1319 1607 1380 dubitaretur;
1643 1333 1909 1384 mutataque

72 1416 286 1468 sententia
321 1416 457 1466 fasces
479 1417 742 1468 Consulum
767 1429 811 1466 et
845 1418 1173 1467 Romanorum
1202 1417 1371 1480 aquilas
1404 1416 1485 1465 sub
1519 1418 1812 1482 protectione
1840 1418 1911 1466 iu·

70 1515 240 1566 stiffimi
264 1516 490 1580 Principis
520 1529 566 1565 et
594 1514 906 1583 benigniffirni
932 1515 1211 1565 Monarehae
1241 1515 1582 1580 triumphantes
1619 1514 1777 1564 videre
1809 1532 1910 1566 ma·

57 1612 227 1665 ssluiffet.
296 1614 432 1664 Nihil
455 1631 573 1682 ergo
596 1616 748 1665 Heroi
777 1614 962 1674 nostro,
995 1615 1210 1665 maximis
1241 1613 1312 1664 his
1346 1614 1484 1664 rebus
1518 1614 1682 1680 gestiS‚
1719 1614 1910 1665 defuisse

73 1727 315 1778 putamus,
360 1730 502 1777 quam
544 1712 1303 1782 seramperpetuamquexvitam,-
1348 1715 1397 1762 in
1427 1730 1516 1777 qua
1545 1713 1801 1773 fortitudo,
1841 1716 1912 1764 iu-

58 1810 213 1868 stitia,
259 1808 501 1874 prudentia
544 1824 588 1859 et
620 1811 806 1862 felicitas
838 1810 1055 1862 ineffabili
1094 1810 1279 1879 fulgore
1322 1811 1735 1877 resplenduissent,
1769 1828 1814 1862 et
1862 1815 1911 1863 in

74 1924 164 1973 qua
198 1909 350 1957 Roma
384 1908 763 1973 perfectiffimum
800 1910 937 1960 status
979 1910 1152 1974 publici
1192 1910 1340 1959 fuiffet
1377 1913 1623 1976 exemplar.
1726 1914 1911 1962 Verum

69 2006 313 2057 ostendere
332 2005 461 2055 hunc
483 2009 613 2056 terris
639 2021 817 2057 tantum
844 1989 954 2065 fata,
987 2022 1031 2057 et
1054 2008 1253 2056 nimium
1285 2008 1392 2057 felix
1424 2023 1500 2059 aut
1531 2007 1725 2074 superba
1756 2009 1911 2061 futura

70 2121 169 2155 ,eras
191 2106 364 2163 Roma,
395 2104 427 2154 fi
457 2119 608 2155 tantus
635 2107 852 2172 Princeps
878 2107 1097 2172 proprius
1124 2107 1238 2156 Tibi
1261 2121 1306 2156 et
1334 2122 1588 2173 perpetuus
1613 2107 1775 2158 fuisset.
1843 2111 1910 2160 Ita

74 2203 164 2253 iam
197 2204 412 2268 paulatim
443 2204 498 2254 ad
532 2204 642 2254 illud
675 2204 929 2264 deuoluor,
966 2205 1245 2264 Auditores,
1280 2205 1337 2255 ad
1374 2207 1505 2270 quod
1535 2207 1716 2256 nonnisi
1757 2209 1908 2258 inuito

71 2313 120 2350 ¹et
141 2302 380 2351 reluctanti
401 2303 557 2352 animo
575 2304 774 2362 accedo,
798 2319 843 2353 et
863 2320 969 2368 quae
990 2298 1074 2369 per
1095 2304 1363 2369 triumphos
1385 2305 1679 2372 gloriosaque
1707 2306 1910 2358 facinora

76 2397 294 2448 hactenus
318 2399 546 2459 decurrit,
581 2402 707 2451 luctu
731 2402 959 2467 tristisque
982 2405 1247 2469 argumenti
1273 2404 1597 2454 recordatione
1621 2404 1820 2454 finienda
1845 2405 1908 2456 est

76 2498 234 2547 oratio.
301 2498 607 2565 Intelligimus
630 2499 723 2549 fine
745 2500 891 2549 dubio
925 2514 1045 2551 tanta
1074 2500 1203 2553 fuiffe
1234 2501 1334 2550 haec
1368 2504 1552 2559 omnia,
1587 2478 1638 2551 ut
1674 2504 1906 2569 magnitu-

28 2587 32 2593 ’
75 2591 184 2645 dine
218 2594 292 2646 sua
333 2594 454 2662 ipsos
490 2613 682 2664 quoque
720 2590 941 2652 iffimicos
970 2599 1025 2651 ad
1064 2603 1410 2653 venerationem
1445 2615 1688 2667 raperent,
1724 2616 1768 2652 et
1798 2602 1908 2652 hinc

938 2697 982 2750 C
1016 2715 1044 2763 3
1781 2715 1908 2751 extra
