2503 3444
694 309 806 390 Q
883 312 1129 389 )(0)(
1204 304 1323 390 st
1808 320 1919 381 161

92 450 161 496 tas
181 475 196 503 ,
229 436 360 493 aestus
387 436 549 489 ardens
570 470 584 497 ,
618 436 872 487 vehemens
908 439 1068 502 capitis
1106 437 1277 498 dolor,
1324 437 1607 503 inexplebilis
1642 437 1758 498 fitis,
1798 453 1911 489 con-

99 540 212 591 stans
245 537 502 594 insomnia,
538 534 691 585 deliria
713 568 726 593 ,
761 534 1004 600 prostratio
1033 536 1206 584 virium
1231 570 1243 594 ,
1279 536 1536 586 rubicunda
1575 537 1624 584 in
1659 550 1765 587 cute
1785 552 1912 586 >mox

98 636 374 703 apparentiA,
411 649 525 682 mox
550 614 882 682 retrocedentia
909 632 1128 700 stigmata.
1198 634 1374 683 Omnis
1398 633 1618 682 incassum
1649 634 1916 699 suscipieba-

96 747 168 784 tur
191 732 389 792 medela3
425 745 592 779 octavo
615 730 838 779 Ianuarias
863 731 985 789 Idus,
1008 744 1166 794 quarta
1192 729 1346 779 versus
1374 729 1629 779 diluculum
1659 731 1788 789 hora,
1820 745 1919 782 tan-

95 823 202 880 dem
227 829 461 877 succubuit
482 844 630 894 aeger,
664 827 862 892 placida,
898 808 1039 892 quam
1073 829 1208 877 toties
1244 842 1510 892 optaverat,
1548 842 1700 876 morte
1732 828 1788 877 ad
1811 829 1917 894 glo-

93 927 256 976 riosam
290 926 676 974 immortalitatem
709 926 945 975 translatus
967 960 980 984 ‚
1027 943 1136 974 cum
1173 927 1220 974 in
1252 926 1336 974 hac
1383 927 1474 974 vita
1514 925 1634 975 duos
1669 939 1715 975 et
1748 927 1917 991 viginti

94 1037 268 1080 annos,
301 1023 556 1086 decemque
579 1021 776 1082 menses,
801 1024 954 1072 minus
982 1002 1154 1088 septem
1182 1023 1369 1082 diebus,
1400 1023 1690 1089 transegisset.
1756 1025 1918 1073 Funus

96 1120 312 1186 postridie
340 1122 387 1168 in
418 1122 461 1169 S.
491 1121 684 1170 Helenae
716 1122 1053 1181 Coemeterium
1080 1122 1335 1171 Christiana
1363 1123 1628 1171 ceremonia
1659 1098 1918 1170 deductum

98 1218 362 1281 ibidemque
393 1216 483 1267 ossa
505 1222 601 1267 eius
628 1217 836 1284 sepulcro
871 1219 1095 1277 mandata,
1131 1220 1222 1268 levi
1247 1218 1330 1268 ‘sub
1361 1233 1491 1277 terra,
1529 1236 1755 1285 magnum
1786 1219 1918 1267 illum

97 1314 294 1381 supremi
333 1317 599 1364 mortalium
643 1316 797 1364 iudicii
839 1316 963 1364 diem
1005 1330 1328 1380 expectatura,
1365 1316 1618 1380 quiescunt.
1697 1315 1919 1365 Vestrum

99 1413 182 1472 est,
218 1412 478 1463 Academiae
509 1414 652 1463 Cives
675 1446 687 1470 2
724 1413 1019 1462 honestissimi
1050 1415 1232 1462 Iuvenis
1258 1447 1271 1471 ‚
1306 1415 1354 1461 in
1390 1414 1566 1462 virtutis
1596 1413 1740 1462 stadio
1774 1412 1920 1461 nobili

100 1512 227 1560 cursu
262 1523 355 1559 tam
386 1512 533 1577 probe
571 1509 812 1568 defuncti,
846 1511 1126 1559 ‘memoriam
1156 1509 1352 1559 mascula
1397 1511 1652 1559 imitatione
1690 1510 1917 1563 venerari.

100 1603 496 1658 Moestiffimorum
525 1624 676 1658 autem
709 1608 958 1657 Parentum
992 1608 1173 1656 vulneri
1203 1622 1308 1672 quo
1338 1608 1553 1657 fomento
1584 1592 1918 1656 medebimur?

99 1703 177 1756 suo
206 1707 265 1755 illi
292 1706 569 1771 prospicient
598 1706 784 1762 dolori,
821 1721 929 1753 cum
965 1706 1298 1763 meminerint,
1335 1704 1376 1753 le
1409 1705 1616 1771 genuisse
1656 1706 1917 1757 mortalem*

341 1803 428 1852 PP.
463 1803 764 1868 Argentorati
786 1814 888 1851 viu.
916 1802 1013 1851 Kal.
1035 1802 1252 1853 Februar.
1288 1819 1330 1852 A.
1366 1818 1677 1853 MDccxxxvn.
1716 1796 1718 1798 ’

168 2669 294 2731 ‘Pars
317 2681 379 2731 II.
1024 2684 1067 2733 X
1844 2684 1918 2732 IN
1974 2672 1978 2675 .
