2618 3485
720 345 796 420 ’48
1327 342 1952 423 ’onxss

720 486 812 535 que
846 469 1099 519 imitatione
1135 482 1301 520 cuncta
1331 469 1529 518 feliciter
1562 470 1905 535 exprimerent,
1942 469 1972 518 fi
1995 468 2141 520 Gallia
2176 470 2305 530 alibi,
2341 485 2479 537 qnam
2515 462 2564 522 in

721 567 811 634 ipsa
836 568 983 618 Gallia
1012 567 1160 633 poss'ct
1182 570 1386 633 reperiri.
1455 570 1603 618 Nunc
1635 583 1679 617 et
1717 585 1805 617 vos
1833 579 1893 617 'ex
1925 568 2078 617 vestro
2124 586 2317 634 quoque
2351 569 2562 618 Parnasso
2585 575 2601 609 “-

679 696 682 699 -
720 682 913 716 ouantes
935 665 1190 734 exsurgite,
1226 667 1472 718 Castalides
1509 666 1695 725 Musae,
1745 667 2054 716 florentiffima
2085 668 2330 717 Heliconia
2359 667 2578 728 coliors;'

721 781 832 824 vos,
869 766 1038 830 quibus
1059 766 1163 816 solis
1198 766 1284 816 fata
1306 767 1587 832 Regnorum
1621 767 1990 832 principumque
2021 767 2272 815 aeternitati
2296 764 2562 815 consecrare

4 855 12 886 ‘¹
76 870 79 925 ξ
721 864 994 932 permissum
1032 865 1131 924 est,
1182 866 1378 915 vestram
1422 865 1498 914 hic
1533 865 1718 915 tandem
1758 866 2014 931 praedicate
2051 864 2328 913 felicitatem.
2400 864 2562 932 Qarn
2588 894 2610 941 '.

719 964 935 1031 gloriofis
957 965 1092 1014 vobis
1115 964 1201 1014 effe
1226 966 1490 1032 contingit,
1527 965 1658 1031 quod
1683 966 1932 1031 Regnum,
1954 966 2169 1013 omnium
2195 980 2351 1013 rerum
2375 963 2562 1012 affluen-
2609 1013 2611 1025 ⁴

722 1063 779 1113 tIa
810 1065 1094 1123 maximum,
1131 1062 1255 1127 suam
1277 1081 1333 1113 ex
1363 1065 1499 1113 vobis
1520 1063 1895 1130 magnitudinem
1931 1062 2193 1128 praesertim
2228 1063 2380 1110 metiri
2412 1078 2567 1112 cerna-
2609 1101 2611 1132 3

722 1162 792 1209 tis.
862 1162 1044 1210 Tantus
1067 1162 1130 1210 est
1155 1163 1302 1210 vester
1331 1163 1377 1210 in
1403 1163 1552 1211 Gallia
1582 1161 1823 1226 splendor,
1859 1177 1910 1210 vt
1933 1160 2158 1225 quicquid
2185 1159 2344 1225 paffim
2365 1176 2565 1227 magno-
2609 1230 2611 1239 ἢ

722 1270 829 1309 rum
859 1260 1159 1326 ingeniorum
1191 1275 1349 1310 natura
1373 1259 1618 1325 producit,
1655 1260 1767 1309 illud
1804 1261 1970 1318 vobis,
2008 1259 2117 1309 illud
2161 1258 2333 1307 vestrae
2366 1258 2566 1308 societati
2610 1321 2611 1327 ἵ

722 1339 991 1425 produxisse
1022 1359 1245 1408 videatur.
1314 1359 1440 1408 Alibi
1470 1359 1658 1408 humilis
1700 1374 1776 1409 aut
1813 1359 2064 1408 mediocris
2095 1357 2241 1407 vestra
2273 1358 2459 1406 fortuna
2497 1356 2562 1405 fit.
2608 1357 2612 1373 '

720 1457 818 1507 Hic
840 1458 998 1507 Bellici
1020 1459 1253 1506 Hectores
1264 1491 1278 1516 ,
1306 1456 1613 1529 ‘Martis‘filib
1650 1474 1857 1522 purpura
1890 1471 1934 1506 et
1966 1456 2073 1522 fago
2103 1455 2315 1504 celebrati
2351 1471 2436 1520 per
2464 1455 2564 1506 Or-
2609 1490 2613 1522 ᾗ

720 1556 829 1605 bem
852 1557 1038 1606 Heroes
1072 1556 1145 1606 sua
1170 1557 1331 1615 vobis,
1368 1556 1415 1605 id
1450 1557 1536 1614 est,
1561 1556 1839 1626 perennitati
1869 1554 2090 1620 trophaea
2118 1553 2399 1603 consecrant.
2467 1554 2565 1603 Mi-
2608 1605 2612 1618 .

721 1654 847 1704 tefcit
881 1656 1081 1705 inuictus
1126 1656 1198 1704 ille
1239 1670 1284 1704 et
1317 1654 1622 1704 ferociffimus
1654 1655 1995 1719 Septentrionis
2035 1651 2323 1708 Monarcha3
2368 1653 2479 1702 Suas
2510 1651 2567 1702 ad
2610 1690 2612 1695 .

721 1754 927 1803 vestrum
950 1745 1253 1819 conspectum
1274 1754 1428 1803 crist-‘s
1451 1754 1670 1818 deponit,
1694 1767 1739 1801 et
1761 1766 1830 1800 tot
1855 1751 2093 1801 illustrium
2116 1752 2418 1820 victoriarum
2442 1749 2566 1814 quast
2603 1805 2605 1811 ¹

724 1852 922 1911 oblituS,
959 1854 1063 1918 post
1090 1864 1343 1919 reportatas
1375 1867 1444 1902 tot
1480 1853 1684 1910 bellicas,
1724 1851 1895 1916 quibus
1931 1851 2111 1897 cinctus
2137 1849 2222 1907 est,
2258 1849 2454 1908 laureae,
2489 1865 2569 1898 ve·
2609 1887 2613 1896 ,

723 1950 824 2000 stris
846 1953 934 2002 iam
971 1954 1161 2001 coronis
1194 1953 1400 2000 redimiri
1430 1951 1670 2017 gloriatur.
1741 1951 1908 1998 Manet
1947 1949 2018 1997 ille
2048 1964 2135 1997 vos
2169 1948 2445 1998 immortalis
2475 1946 2565 1996 ho-
2610 1940 2613 1996 ¹,

10 2063 18 2138 4‘
722 2066 836 2108 nos,
874 2050 1000 2114 quod
1026 2051 1342 2100 Ludouiciana
1369 2049 1541 2109 secula,
1578 2031 1797 2114 quorum·
1817 2064 1941 2098 noua
1973 2061 2017 2096 et
2046 2044 2341 2102 illustrissima
2364 2047 2454 2094 iam
2487 2052 2570 2094 ex-'
2611 2052 2613 2076 ³

720 2147 867 2215 surgit
889 2149 1135 2213 periodus,
1170 2150 1331 2198 vestris
1354 2149 1615 2213 praesertim
1645 2148 1933 2195 celebrantur
1959 2144 2255 2194 carminibus.
2325 2143 2565 2208 Praepara-

723 2260 769 2295 te
804 2248 939 2295 nobis
971 2249 1061 2295 iam
1097 2263 1250 2296 nouos
1287 2259 1568 2304 concentus,
1605 2245 1720 2293 dum
1760 2261 1881 2293 noua
1915 2243 2050 2292 vobis
2081 2240 2298 2291 m³racula
2331 2253 2565 2306 praeparat
2610 2266 2618 2306 l

722 2345 1208 2395 LVDOVICVS.
1313 2346 1487 2409 Neque
1527 2361 1642 2392 vero
1685 2360 1849 2408 parum
1889 2356 1983 2393 tam
2024 2342 2273 2390 celebratae
2310 2340 2566 2390 Galliarum

52 2506 53 2512 ἵ
725 2443 1036 2510 magnitudini
1059 2443 1252 2502 deesset,
1287 2443 1563 2502 Auditores,
1601 2442 1631 2491 fi
1660 2458 1816 2491 rerum
1852 2441 2032 2491 suarum
2060 2439 2245 2489 securus
2267 2452 2414 2489 tantae
2448 2437 2613 2488 trane*

15 2518 38 2593 ’τ
725 2543 935 2606 quillitati
960 2544 1091 2592 Mars
1122 2542 1194 2591 ille
1219 2543 1418 2593 Gallicus
1449 2542 1750 2603 ind-ormiret3
1784 2539 1816 2588 fi
1839 2539 2097 2588 socordiam
2126 2539 2174 2586 in
2207 2551 2319 2603 pace
2354 2518 2597 2611 ostende?

726 2653 819 2704 ret5
846 2640 880 2689 fi
909 2642 956 2688 in
978 2658 1090 2706 pace
1122 2657 1219 2691 non
1250 2643 1476 2707 cogitaret
1510 2640 1569 2691 de
1599 2624 1736 2692 bello.
1804 2640 1988 2704 Regnet
2028 2651 2122 2687 tam
2170 2650 2308 2701 turpe
2338 2635 2489 2686 otium
2516 2616 2575 2684 Μ’

0 2523 6 2592 l

0 2597 19 2884 Ξῖ
797 2734 799 2737 ·
2472 2731 2564 2782 aliis

5 2890 12 2926 l
