2503 3444
678 293 1307 406 Q><0><ss
1848 344 1924 405 2⁷

72 455 272 526 praesens
304 455 469 505 mortis
509 465 602 504 tuae
638 453 858 504 nuntium
901 453 1112 504 audirem
1154 465 1199 503 et
1228 455 1476 504 communi
1505 453 1725 506 omnium
1763 452 1922 505 dolori

75 571 198 606 meas
219 571 408 620 quoque
446 553 672 620 lacrymas
706 552 976 611 miscerem,
1012 553 1315 619 oculatusque
1353 553 1515 605 intenfi
1546 554 1725 604 ciuium
1767 554 1815 603 in
1843 554 1922 605 Te

76 654 244 705 amans
276 653 443 721 infigni
474 653 692 703 omnium
721 653 848 702 luctu
881 651 1182 703 demonstrati
1218 652 1342 703 testis
1380 651 1519 702 essem
1541 653 1568 704 ἱ)
1608 653 1771 704 Graue
1802 652 1922 703 mihi

75 766 175 804 tum
195 752 463 812 videbatur,
498 753 575 803 Te
595 752 669 802 vel
691 753 862 819 exiguo
885 754 1113 818 temporis
1143 751 1286 818 spatio
1311 750 1541 810 deserere,
1578 768 1704 801 nunc
1728 769 1753 802 a
1774 752 1866 811 Te,
1893 767 1920 804 a

74 852 149 903 Te
180 853 396 918 inquam,
433 850 567 901 miser
599 869 692 919 ego
726 865 955 917 perpetuo
983 850 1180 901 deseror.
1249 851 1302 902 O
1340 849 1439 917 spes
1479 848 1657 901 fallaces
1689 864 1736 901 et
1768 851 1923 901 inania

77 951 344 1001 mortalium
383 951 619 1018 cogitatae}
667 953 793 1001 Itane
822 950 942 1001 ludis
977 952 1024 1001 in
1054 951 1194 1000 rebus
1227 950 1444 1001 humanis
1479 949 1636 1000 diuina
1670 950 1922 1017 potentia?

78 1048 275 1100 Adeone
301 1049 598 1099 confiliorum
624 1050 940 1100 humanorum
963 1049 1147 1100 decreta
1171 1064 1217 1101 et
1239 1049 1454 1101 destinata
1478 1047 1574 1099 solo
1598 1050 1694 1100 ictu
1725 1064 1924 1115 unoque

15 1153 20 1157 ’
81 1162 328 1199 momento
360 1151 559 1204 euertis'?
606 1149 756 1201 Cuius
787 1150 929 1199 vitam
969 1164 1241 1216 perpetuam
1278 1149 1414 1198 nobis
1449 1149 1806 1215 exoptauimus3
1845 1147 1922 1198 cui

83 1263 138 1298 ex
168 1247 272 1313 ipfis
303 1264 494 1313 quoque
519 1283 531 1307 2
568 1248 598 1298 fi
632 1249 726 1298 fieri
765 1250 946 1308 liceret,
983 1250 1112 1298 annis
1148 1248 1314 1298 nostris
1347 1247 1514 1298 addere
1549 1264 1647 1297 non
1675 1245 1924 1304 dubitasse-

84 1362 213 1409 mus;
251 1346 309 1396 de
338 1348 468 1397 cuius
501 1345 635 1397 salute
660 1365 786 1397 nunc
813 1365 954 1412 quam
988 1348 1192 1397 maxime
1222 1346 1367 1396 securi
1398 1362 1606 1406 eramus;
1643 1362 1778 1404 eum,
1814 1359 1926 1394 eum

85 1446 273 1511 inquam
296 1481 309 1506 ,
343 1446 593 1496 inevitabili
624 1447 700 1496 fati
733 1448 799 1497 tui
835 1445 1090 1497 necessitate
1110 1479 1124 1506 ,
1160 1446 1208 1495 in
1241 1443 1339 1511 ipso
1374 1458 1420 1494 et
1450 1444 1695 1511 praecipuo
1731 1441 1928 1508 quidem

86 1546 226 1595 aetatis
248 1545 376 1605 flore,
399 1545 624 1611 simulque
647 1545 940 1612 ampliffimas
965 1545 1063 1610 spes
1087 1544 1262 1595 nostras
1287 1543 1436 1594 subito
1454 1542 1675 1609 eripuisti.
1744 1540 1928 1607 Oppri-

87 1658 193 1694 mor
223 1642 317 1694 fere
346 1644 536 1705 dolore,
569 1645 818 1696 Auditor-es
837 1679 850 1704 ‚
886 1645 1177 1709 laterumque
1199 1643 1347 1694 robur
1369 1644 1429 1694 ita
1452 1660 1529 1693 me
1551 1639 1707 1692 deficit
1716 1675 1731 1702 ,
1765 1654 1818 1691 ut
1842 1655 1926 1692 ve-

86 1758 185 1792 rear
210 1759 268 1791 ne
286 1742 389 1792 haec
420 1745 592 1802 orati0‚
629 1761 734 1808 quae
758 1743 931 1792 facilius
952 1743 1238 1809 principium
1263 1741 1448 1800 habuit,
1485 1739 1813 1791 difficillimum
1839 1754 1923 1789 ex-

87 1842 205 1890 itum
229 1840 451 1891 sortiatur.
518 1841 651 1910 Qid
674 1843 848 1892 mirum
870 1841 1021 1900 enim,
1056 1840 1087 1890 fi
1118 1842 1166 1890 in
1188 1841 1371 1906 publica
1393 1840 1479 1890 hac
1500 1840 1673 1890 tristitia
1704 1855 1807 1889 mea
1828 1837 1926 1887 fere

91 1919 191 1989 {lox
216 1940 537 1990 intercluditur
557 1954 600 1990 et
622 1941 761 1990 verba
784 1938 830 1988 in
857 1939 1066 2004 planctus
1088 1939 1412 2003 lacrymasque
1433 1937 1763 1987 resoluuntur?
1791 1933 1928 2004 Qud

91 2039 262 2089 mirum
279 2072 293 2097 ,
328 2038 361 2089 ss
386 2039 571 2105 stupore
590 2039 811 2089 attonitus
831 2044 879 2086 in
900 2051 1021 2087 tanta
1043 2035 1414 2086 consternatione
1443 2053 1529 2086 nec
1551 2033 1666 2101 ipsas
1690 2033 1925 2083 inueniam

91 2135 342 2203 lacrymaS,
379 2137 554 2188 nedum
577 2138 720 2187 verba
743 2136 799 2186 ad
830 2133 1150 2201 explicandam
1181 2147 1413 2193 atrocem,
1450 2150 1593 2199 quam
1617 2131 1727 2199 paffi
1753 2130 1925 2191 sumu82

96 2234 283 2286 cladem.
350 2236 440 2287 Sed
465 2252 548 2286 cur
579 2253 671 2303 ego
697 2237 745 2285 in
777 2235 863 2286 hac
896 2231 1112 2284 cathedra
1139 2249 1266 2283 nunc
1301 2234 1588 2299 compareo?
1624 2231 1766 2282 Certe
1799 2229 1831 2279 fi
1872 2227 1932 2279 de

98 2334 305 2400 expedita
326 2334 537 2385 facundia
559 2335 801 2402 dignoque
824 2334 958 2384 tantis
990 2332 1239 2383 virtutibus
1267 2332 1424 2399 elogio
1457 2343 1696 2398 ageretur,
1732 2328 1933 2394 quemli-

60 2463 65 2469 ·
98 2431 175 2483 bet
197 2435 350 2499 potius
373 2451 514 2499 quam
537 2451 613 2484 me
633 2450 691 2483 ex
713 2434 804 2483 hoc
829 2431 1045 2499 suggestu
1062 2428 1355 2481 differentem
1376 2428 1714 2495 conspiceretis.
1780 2426 1932 2476 Nunc

103 2545 218 2582 vero
241 2548 350 2583 cum
380 2534 437 2582 de
466 2547 602 2597 grato
624 2532 876 2599 praesertim
908 2530 1090 2589 animo,
1125 2529 1184 2579 de
1220 2545 1405 2587 amore,
1440 2527 1499 2576 de
1532 2524 1840 2584 obseruantia,
1875 2522 1934 2573 de

106 2630 268 2693 pietate
299 2647 408 2699 erga
443 2629 733 2684 Defunctum
764 2628 1121 2680 demonstranda
1152 2642 1314 2696 agatur
1333 2660 1348 2688 ,
1392 2624 1689 2677 inconditum
1723 2621 1938 2690 profecto

983 2729 1026 2775 D
1065 2743 1093 2779 2
1819 2734 1939 2776 moe3
