2567 3470
659 335 732 396 64
1270 315 1900 400 Q)(0)(ss

793 448 977 496 Verum
1011 457 1056 496 et
1087 446 1169 495 Tu
1191 479 1204 505 ,
1246 446 1614 498 Eminentillime
1656 448 1937 499 Cancellarie
1958 482 1970 506 ‚
2005 448 2096 498 Vir
2132 449 2498 513 generofiffime}

656 559 797 609 atque
816 546 926 604 Tu,
964 545 1219 612 Magnifice
1252 545 1611 612 grauiffimeque
1639 546 1943 604 Scholarcha,
1979 546 2129 596 debita
2162 561 2307 613 gratae
2330 528 2503 600 mentis
2562 540 2564 542 ’

660 645 862 694 formula
889 660 946 694 ex
971 644 1064 693 hoc
1087 645 1177 695 iam
1198 645 1306 695 loco
1337 646 1521 711 publice
1543 645 1660 694 mihi
1682 642 1993 709 compellandi
2023 644 2141 693 estis.
2211 647 2357 694 Macti
2390 661 2502 710 pru·
2558 669 2567 698 ι

663 725 841 802 dentia,⁴
877 745 1015 793 macti
1053 745 1250 803 virtute,
1286 745 1391 794 Viri
1426 744 1641 802 illustres,
1677 743 1849 807 illoque
1882 741 2100 792 fruamini
2129 742 2210 791 diu
2246 742 2502 808 splendore,
2561 762 2567 771 ·

663 843 746 907 qui
774 859 831 891 ex
865 841 1025 892 vestris
1055 859 1144 908 pro
1182 843 1438 910 Republica
1469 857 1515 893 et
1539 841 1793 893 Academia
1824 841 1947 891 curis
1985 855 2122 906 atque
2157 841 2389 892 laboribus
2420 858 2506 893 vo·
2559 862 2567 891 l

665 941 736 992 bis
771 942 962 992 accedit.
2556 981 2567 1028 ⁴<

799 1042 904 1089 Vos
927 1039 1141 1098 tandem,
1173 1055 1294 1104 quos
1325 1040 1495 1106 partim
1514 1040 1837 1105 Praeceptores
1871 1054 2045 1105 nuper,
2080 1054 2207 1087 nunc
2238 1039 2375 1089 etiam
2399 1037 2508 1090 Col·
2555 1048 2567 1093 ζ·

667 1138 793 1205 legas
823 1136 1009 1189 salutare
1042 1138 1162 1197 licet,
1199 1137 1452 1205 Magnifice
1483 1137 1743 1188 Academiae
1773 1138 1963 1196 Rector‚
1999 1137 2278 1203 Spectabiles
2306 1138 2346 1186 F
2347 1138 2511 1189 aculta·
2556 1118 2567 1194 1

668 1250 770 1287 tum
801 1226 980 1287 Deeani
1003 1270 1016 1296 ,
1050 1238 1300 1301 caeterique
1341 1235 1623 1302 Ampliffimi
1660 1236 1824 1302 inclyti
1862 1235 2000 1286 huius
2035 1236 2180 1302 Lycei
2215 1234 2510 1296 Professores,
2558 1237 2567 1300 ξ

669 1338 796 1395 Vos,
832 1337 1052 1401 inquam,
1087 1337 1238 1402 prima
1266 1352 1459 1401 quoque
1491 1335 1594 1384 vice
1619 1335 1704 1385 hac
1735 1350 1794 1383 ex
1818 1333 2034 1384 cathedra
2067 1334 2303 1399 superiore
2330 1335 2513 1400 publice
2558 1332 2567 1380 ἑ

671 1436 844 1499 alloqui
867 1435 985 1484 mihi
1019 1435 1273 1501 contingit.
1352 1432 1588 1498 Equidem
1620 1432 1714 1481 fine
1744 1431 1923 1482 summa
1955 1431 2240 1482 iucunditate
2274 1448 2515 1497 nunquam
2558 1427 2567 1478 ,ἒ

673 1534 722 1582 in
743 1533 1020 1582 memoriam
1050 1549 1228 1582 reuoco
1253 1532 1390 1590 illam,
1411 1548 1502 1596 qua
1524 1547 1617 1589 me,
1639 1530 1696 1580 ab
1721 1544 1782 1580 eo
1805 1527 1965 1580 statim
1984 1544 2212 1596 tempore,
2240 1547 2339 1594 quo
2363 1531 2409 1579 in
2430 1530 2520 1583 hac
2559 1551 2567 1581 z

675 1633 791 1681 ciuis
819 1630 906 1680 effe
931 1632 1054 1696 coepi
1076 1630 1351 1688 Academia,
1386 1628 1618 1695 prosecuti
1639 1627 1758 1687 estis,
1790 1628 2139 1679 humanitatem.
2208 1628 2344 1696 Quid
2368 1613 2516 1695 super-
2559 1600 2567 1680 l

675 1729 764 1789 est,
799 1745 941 1794 quam
974 1742 1026 1777 ut
1056 1729 1160 1778 Vos
1181 1761 1194 1787 ‚
1230 1743 1329 1777 rara
1365 1727 1493 1776 orbis
1525 1727 1692 1775 literati
1726 1726 1900 1776 lumina
1921 1760 1935 1785 ‚
1970 1728 2052 1791 qui
2082 1726 2221 1777 huius
2253 1727 2518 1779 Academiae

677 1828 831 1889 decus?
850 1841 946 1877 tam
981 1825 1182 1893 gloriose
1223 1826 1493 1892 propagatis
1514 1859 1528 1884 2
1564 1823 1814 1874 diutiffime
1847 1825 2069 1892 Collegas
2091 1859 2105 1884 ‚
2148 1825 2353 1876 fautores
2384 1819 2517 1892 atque
2560 1846 2563 1850 ’

679 1927 856 1977 amicos
892 1923 1084 1976 salutare
1115 1925 1233 1974 mihi
1264 1925 1406 1974 liceat.
1510 1922 1735 1988 Cumque
1773 1924 1888 1973 nihil
1928 1922 2114 1989 prorsus
2145 1923 2228 1983 fit,
2265 1923 2396 1989 quod
2433 1937 2522 1990 pro·
2560 1968 2562 1971 ,

682 2026 843 2076 vestris
872 2027 920 2073 in
956 2040 1034 2073 me
1064 2025 1241 2073 meritis
1271 2040 1370 2073 non
1403 2021 1633 2089 postulare
1664 2035 1710 2072 et
1735 2023 1921 2090 exigere
1951 2039 1975 2071 a
2004 2039 2082 2071 me
2113 2023 2312 2087 queatiS,
2345 2023 2520 2092 strenue
2538 2050 2560 2071 ›.

682 2123 872 2183 faciam,
907 2136 960 2173 ut
983 2122 1098 2182 fide,
1135 2122 1314 2181 studio,
1353 2123 1633 2180 reuerentia,
1666 2120 1832 2171 officiis
1863 2137 1973 2188 erga
2009 2136 2097 2170 vos
2125 2121 2235 2170 nulli
2267 2138 2344 2170 me
2372 2121 2522 2176 secun-

685 2223 802 2271 dum
836 2221 922 2270 effe
950 2221 1211 2287 intelligatis
1234 2253 1247 2278 2
1283 2233 1419 2282 atque
1456 2219 1574 2269 adeo
1603 2218 1814 2267 beneficii
1836 2252 1850 2276 ,
1882 2220 1928 2266 in
1961 2234 2039 2266 me
2069 2218 2219 2268 collati
2235 2216 2256 2278 ³,
2290 2236 2379 2270 vos
2406 2237 2522 2270 nun-
2562 2260 2567 2276 .

688 2325 829 2386 quam
855 2320 1088 2384 poeniteat.
1158 2319 1385 2367 Ceterum
1406 2316 1730 2395 tlemandatam
1754 2316 1871 2366 mihi
1894 2315 2208 2366 Historiarum
2229 2331 2274 2368 et
2295 2318 2523 2383 Eloquen-

688 2421 766 2469 tiae
785 2398 1059 2467 professoris
1094 2417 1388 2482 prouinciam
1416 2393 1674 2481 inaugurali
1697 2415 1928 2465 Oratione
1958 2431 2092 2464 more
2122 2411 2354 2465 maiorum
2380 2412 2523 2481 'auspi-

691 2532 894 2575 caturuS,
931 2515 991 2564 de
1012 2515 1359 2581 ELOQVENTIAE
1394 2515 1640 2563 ROMANAE
1674 2529 1805 2564 lmus
1843 2514 2048 2564 breuiter
2070 2508 2282 2564 disserere
2303 2513 2523 2572 constitui,

693 2618 875 2667 animos
904 2612 1081 2664 vestros
1101 2613 1217 2662 mihi
1245 2613 1451 2664 fauentes
1474 2627 1682 2664 exorans.

2443 2711 2529 2761 Ar&

1395 2795 1399 2825 1
