2503 3444
7 2956 11 2986 ι-
8 2938 11 2943 .
6 2782 11 2927 --„,-..-.-
4 2383 11 2771 ..-*—-—--=--.-·----

702 310 1328 403 QXOXQW
1853 345 1924 401 41

84 453 216 506 terris
239 450 374 501 toties
398 448 608 501 laudibus
634 449 757 498 Tuis
790 448 1124 507 celebraueraS,
1161 450 1357 515 propius
1390 449 1598 500 venerari
1629 460 1674 498 et
1705 452 1923 508 contueri

38 576 43 583 ·
86 551 193 601 Tibi
225 550 469 615 contingit.
562 549 714 597 Nunc
745 546 920 596 felicius
950 547 1186 596 meditaris
1211 563 1257 597 et
1291 549 1439 598 ablato
1463 549 1577 597 Tibi
1613 548 1720 598 velo
1760 548 1924 598 clarius

76 648 295 719 intelligis
318 647 431 696 illud
465 640 807 712 Mysteriorum
833 644 1106 696 diuinorum
1131 646 1450 710 profundum,
1490 647 1619 711 quod
1656 647 1731 695 hic
1764 647 1929 712 potius

84 745 239 798 [aneto
264 745 463 795 horrore
486 747 714 804 reuereri,
750 761 891 810 quam
915 761 1080 810 capere
1111 744 1227 793 Tibi
1256 745 1419 794 ⁴datum
1451 744 1550 793 fuit.
1653 744 1730 794 Illa
1761 746 1868 795 Tua
1901 741 1934 796 εί

54 848 57 852 ’
84 845 204 895 coelo
223 845 430 894 deriuata
458 859 503 893 et
525 859 752 893 aeternum
774 843 881 894 felix
902 845 1057 894 anima
1088 859 1146 892 ex
1170 843 1248 892 illo
1271 844 1486 909 corporis
1508 859 1689 892 carcere
1721 843 1920 901 liberata,

84 941 298 1008 depofitis
327 944 613 993 mortalitatis
636 944 838 1017 exuuiia,
874 957 972 992 uno
1001 941 1126 1007 paffu
1156 942 1214 992 ad
1237 941 1514 991 immortalia
1548 942 1694 1001 bona,
1729 940 1788 991 ad
1817 941 1921 990 bea-

37 1065 62 1081 ·-
84 1052 177 1090 tam
199 1039 484 1090 securitatem
506 1040 687 1091 transiit.
755 1042 947 1090 Fruitur
967 1042 1066 1091 'iam
1091 1042 1282 1114 puriore
1313 1054 1360 1090 et
1391 1040 1562 1090 coelesti
1588 1040 1664 1089 illa
1690 1056 1820 1099 aura,
1856 1050 1922 1088 at-

86 1149 175 1204 que
201 1137 441 1189 seruatoris
461 1138 525 1188 sui
546 1138 766 1205 sanguine
787 1140 934 1190 abluta
958 1141 1189 1189 caducum
1213 1139 1307 1188 hoc
1337 1154 1494 1188 aeuum
1522 1137 1751 1205 generoso
1780 1137 1923 1187 obtu-

44 1249 138 1290 ·,tu
159 1227 433 1286 contemnit.
513 1238 641 1305 Qite
671 1239 893 1305 dignitas,
929 1239 1035 1304 quis
1068 1238 1286 1303 splendor
1307 1254 1420 1287 cum
1449 1255 1499 1287 ea
1527 1238 1705 1304 gloria,
1738 1253 1849 1286 cum
1872 1253 1924 1286 ea

71 1332 294 1385 ⁴felicitate
327 1338 588 1400 comparari
619 1335 801 1401 potest,
836 1337 891 1386 ad
915 1352 1056 1401 quam
1089 1339 1295 1385 nuncin
1339 1353 1484 1386 omne
1516 1353 1674 1384 aeuum
1710 1335 1928 1385 Ciuitatis

87 1446 269 1482 aeternae
302 1435 449 1483 socius
471 1434 754 1505 peruenisti
737 1435 761 1468 9
798 1435 1009 1500 Corpori
1032 1435 1205 1484 interea
1225 1438 1333 1483 Tuo
1362 1446 1481 1484 terra
1513 1434 1625 1482 leuis
1655 1433 1925 1499 contingam

46 1561 59 1589 s
88 1530 261 1582 fruatur
291 1532 403 1583 illud
432 1534 586 1612 quiete
613 1530 714 1590 sua,
749 1532 903 1583 donec
924 1566 938 1591 ,
979 1532 1234 1582 reformato
1264 1532 1357 1581 hoc
1385 1531 1628 1591 uniuerso,
1663 1532 1925 1581 rediturum

68 1630 151 1679 est
170 1631 375 1682 ornatius
398 1630 453 1680 ad
476 1644 756 1695 perpetuum
782 1629 1176 1697 cumaugustiore
1197 1631 1348 1710 anima
1371 1631 1628 1679 vinculum.
1695 1631 1924 1694 Dumque

86 1727 170 1778 Tu
202 1730 248 1777 in
280 1730 350 1779 illa
377 1728 684 1792 triumphanti
712 1728 982 1777 Coelestium
1007 1728 1204 1777 Ecclesia
1235 1729 1367 1778 laetus
1397 1729 1600 1788 exultaS,
1636 1744 1722 1778 nos
1746 1744 1925 1802 memo-

89 1827 205 1875 riam
224 1826 323 1874 Tui
357 1826 566 1891 diligenti
595 1826 988 1891 contemplatione
1021 1826 1362 1901 venerabimur.
1390 1883 1393 1885 4
1430 1829 1676 1876 Virtutum
1705 1799 1927 1876 Tuar¹1m

89 1922 324 1990 fulgorem
357 1940 454 1973 non
488 1938 581 1973 tam
615 1925 872 1973 verborum
902 1925 1130 1973 encomiis
1141 1958 1170 1982 ,.
1191 1941 1336 1989 quam
1364 1926 1661 1974 aemulatione
1694 1938 1740 1973 et
1772 1924 1925 1973 studio

90 2021 339 2088 prosequi,
375 2022 661 2087 posterisque
693 2004 740 2071 in
771 2023 1040 2102 exemplum
1074 2010 1260 2073 seruare
1290 2024 1510 2075 nitemur
1613 2023 1758 2081 Haec,
1795 2012 1925 2080 haec,

92 2119 341 2185 praesertim
368 2120 544 2171 Ciuitas
564 2154 577 2179 ,
614 2122 744 2170 cuius
776 2121 964 2170 infinitis
996 2121 1216 2187 lacrymis
1247 2121 1535 2186 compositus
1560 2137 1631 2180 es,
1667 2121 1924 2187 imaginem

93 2217 232 2268 Tui
221 2236 269 2268 in
301 2233 477 2280 aeternq
507 2220 722 2269 cordium
754 2219 945 2269 fixorum
983 2207 1189 2270 sacrario
1201 2219 1475 2285 suspendet:
1520 2219 1624 2268 haec
1656 2216 1923 2280 Academia,

96 2331 199 2380 quae
224 2318 416 2366 vulnere
435 2319 549 2372 Tuo
577 2318 839 2385 grauissime
859 2318 1027 2377 saucia,
1062 2318 1150 2368 fida
1172 2321 1259 2367 erit
1287 2320 1566 2368 meritorum
1589 2319 1814 2368 Tuorum
1842 2318 1923 2367 de-

98 2408 301 2479 pofitaria
325 2449 340 2475 ,
374 2432 582 2480 quorum
624 2416 886 2481 recordatio
917 2411 1073 2483 vigeat
1096 2449 1110 2476 ,
1155 2417 1350 2481 floreat,
1399 2431 1655 2481 perennet,
1701 2415 1960 2480 quamdiu*

97 2512 255 2562 virtuti
276 2515 476 2578 pretium
501 2528 545 2562 et
568 2514 817 2563 eruditioni
846 2514 1000 2564 honos
1029 2515 1277 2577 tribuetur3
1312 2529 1598 2578 mortuoque
1621 2513 1737 2563 adeo
1759 2514 1923 2564 reddet

98 2609 270 2668 officia,
304 2627 409 2674 quac
431 2612 545 2669 vivo
567 2612 680 2660 Tibi
701 2613 897 2678 amplius
916 2631 1013 2662 non
1039 2613 1211 2678 potest.
1267 2611 1364 2678 Ipsa
1393 2628 1553 2677 quoq
1547 2629 1584 2661 e
1613 2626 1741 2679 grata
1770 2613 1924 2679 poste·

170 2707 292 2760 Pars
325 2710 387 2759 II.
1017 2712 1058 2760 F
1162 2728 1165 2731 ·
1821 2711 1928 2759 ritas
