2503 3444
721 279 1341 358 QXoXss
1625 370 1628 372 v
1886 295 1959 357 69

239 408 348 460 Post
368 406 613 457 barbarum
636 402 844 471 Europae
868 405 1178 455 millenarium
1205 421 1379 466 aeuum,
1393 408 1565 458 veteris
1589 406 1821 457 Romanae
1846 407 1960 458 Elo-

108 508 310 574 quentiae
343 494 558 554 auroram
591 502 791 554 Alsaticis
816 503 1012 553 urbibus
1036 517 1081 554 et
1108 502 1297 570 oppidis
1320 505 1745 572 WimphelingiuS‚
1772 506 1956 556 Gebvi-

105 606 225 656 ierus
248 638 262 662 ,
298 603 569 660 Rhenanus,
603 602 879 652 Schurerius
900 635 913 661 ‚
951 603 1171 668 SapiduS,
1207 601 1431 652 Schottus
1470 604 1639 653 inferre
1678 619 1952 669 coeperunt;

103 701 374 753 successores
407 717 576 749 eorum
614 702 880 759 Sturmius,
915 700 1180 759 Sleidanus,
1222 702 1398 759 Iunius,
1434 702 1684 751 Gerbelius
1740 718 1950 753 veterem

104 801 305 851 Romam
331 813 375 847 et
398 799 633 848 Graeciam
658 801 975 865 Argentorato
1001 799 1268 847 intulerunt.
1333 799 1544 849 Liberata
1575 799 1637 848 est
1669 815 1691 848 a
1727 800 1950 852 barbariae

102 899 298 947 vinculis
327 896 488 946 Alsatia
511 896 738 945 beneficio
759 897 924 956 Italiae,
960 913 1068 960 quae
1090 896 1323 962 Byzantio
1351 913 1374 945 a
1391 898 1566 947 Turcis
1591 911 1744 963 capto,
1779 898 1948 949 doctos

99 995 324 1062 fugitiuos
352 996 607 1059 recipiens,
644 994 793 1044 literas
819 996 1013 1045 Graecas
1045 996 1250 1060 accepit,
1283 1011 1390 1060 quae
1422 996 1737 1047 refocillarunt
1773 997 1944 1058 latinas,

89 1109 210 1159 ¹quas
234 1094 332 1143 Itali
369 1094 556 1158 populis
582 1093 870 1158 transalpinis
894 1092 1129 1142 miserunt.

0 1204 1 1211 ¹
43 1231 49 1240 .
110 1212 153 1247 ,ιχ
232 1191 438 1240 Gratum
483 1192 606 1241 Italis
653 1193 862 1241 animum
909 1192 1118 1242 testatura
1158 1193 1501 1258 Argentoratus
1547 1193 1942 1260 typographicam
2001 1251 2009 1255 ,

98 1287 289 1340 viciffim
325 1304 470 1338 artem
494 1290 739 1339 transmisit
759 1268 910 1339 Italiae.
977 1279 1360 1343 Praestantiffimae
1399 1290 1537 1340 huius
1569 1293 1676 1341 artis
1714 1295 1937 1343 exercitio

97 1387 264 1439 factum
299 1387 362 1436 est
388 1420 402 1445 2
449 1401 501 1436 ut
533 1388 591 1436 de
622 1389 858 1437 literarum
895 1370 1293 1437 restaurandarum
1325 1388 1474 1454 gloria
1511 1405 1623 1438 cum
1671 1390 1778 1455 ipsis
1815 1393 1936 1442 Italis

95 1484 322 1550 Hispani,
365 1485 606 1544 Britanni,
653 1485 774 1535 Galli
831 1486 1155 1549 Germanique
1189 1499 1427 1534 certarent.
1509 1488 1853 1554 Argentoratus
1886 1493 1937 1542 in

94 1583 360 1633 Germaniae
391 1584 649 1647 Galliaeque
681 1583 888 1633 confinio
916 1583 1085 1649 posita,
1122 1583 1275 1632 lucem
1312 1585 1367 1634 ab
1405 1598 1600 1659 utraque
1631 1590 1830 1654 accepit3
1863 1590 1934 1639 lu·

91 1697 194 1729 cem
212 1680 418 1754 ⁷reddidit
440 1683 637 1745 utrique.
709 1684 910 1745 Utrique
931 1682 1110 1746 semper
1132 1699 1231 1731 cara
1260 1696 1305 1730 et
1329 1682 1544 1733 constans
1569 1686 1727 1735 amica.
1793 1689 1930 1737 Revi-

91 1777 261 1827 viscere
291 1780 368 1826 vix
391 1793 625 1841 coeperant
647 1779 813 1837 literae,
849 1796 999 1844 quum
1022 1780 1169 1828 Musis
1204 1781 1320 1831 intra
1351 1782 1523 1832 moenia
1546 1784 1622 1833 sua
1644 1784 1928 1837 Heliconem

90 1877 267 1941 erigere
313 1875 576 1924 decreuerat
622 1878 976 1943 Argentoratus.
1053 1877 1322 1927 Academiae
1356 1881 1454 1929 eius
1488 1882 1695 1946 origines
1727 1883 1926 1936 Carolus

89 1966 299 2040 Quintus
334 1973 473 2031 vidit,
510 1974 751 2038 probauit3
784 1975 1130 2038 Maximilianus
1153 1976 1207 2024 ΙΙ.
1241 1976 1487 2042 dignitates
1525 1979 1724 2037 addidit,
1761 1983 1801 2030 F
1803 1983 1923 2032 erdi·

87 2072 262 2120 naudus
288 2073 344 2120 ΙΙ.
383 2071 621 2120 honorum
647 2074 864 2121 omnium
887 2072 1199 2137 superaddidit
1229 2074 1428 2123 culmen.
1513 2077 1618 2125 Iura
1649 2077 1921 2132 Ludouicus

88 2169 292 2235 Magnus
325 2183 370 2217 et
408 2170 505 2218 eius
536 2170 780 2235 Pronepos
813 2170 1070 2220 firmarunt.
1149 2177 1338 2220 Annuas
1368 2186 1523 2239 grates
1552 2150 1757 2241 Optimo
1787 2179 1919 2229 Prin-

87 2267 175 2332 cipi
205 2265 409 2316 solennes
445 2267 763 2332 persoluimus.
848 2268 1030 2318 Exedra
1054 2268 1155 2317 haec
1187 2273 1435 2335 quotannis
1469 2273 1519 2320 in
1543 2275 1771 2339 templum
1801 2295 1915 2328 con-

85 2366 297 2423 vertitur,
330 2366 378 2414 in
401 2382 498 2429 quo
530 2383 621 2431 pro
647 2366 782 2416 salute
805 2380 849 2414 et
879 2367 1044 2432 gloriae
1071 2369 1356 2431 perennitate
1381 2370 1605 2436 Principis
1639 2388 1748 2424 vota
1776 2375 1910 2426 susci-

83 2461 247 2526 pimus.
316 2463 403 2511 Per
433 2462 530 2512 duo
560 2464 649 2513 iam
681 2462 851 2522 secula,
890 2465 962 2513 vel
991 2467 1111 2513 inter
1140 2465 1260 2530 ipsos
1279 2469 1457 2528 ‘Martis
1491 2468 1700 2529 furores,
1735 2474 1910 2524 incolu-

84 2560 170 2610 mis
208 2559 288 2612 stat
327 2559 507 2626 semper
543 2562 893 2628 Argentinenfis
923 2562 1183 2614 studiorum
1221 2565 1538 2629 Uniuerfitas3
1572 2582 1795 2636 tantoque
1827 2571 1907 2622 sab

957 2660 978 2710 Ῑ
1030 2676 1053 2718 3
1774 2670 1905 2735 Rege
