2503 3444
0 277 89 370 &
686 297 796 378 'Q
874 298 1120 373 >(0><
1199 295 1310 373 aa&
1794 313 1903 370 309

206 435 332 486 VIII.
398 425 671 484 Irmensula,
725 437 939 473 veterum
969 423 1207 472 Saxonum
1242 419 1455 478 Idolum,
1492 417 1550 466 de
1590 417 1721 466 cuius
1755 417 1905 483 figura

77 536 202 586 varie
236 544 423 596 quoque
458 525 746 590 disputatur,
777 522 961 570 cuinam
999 517 1251 584 praesertim
1288 517 1490 565 dedicata
1534 514 1671 563 fuerit
1693 547 1707 571 ,
1743 514 1901 578 paffim

77 631 198 699 apud
220 627 482 678 Historicos
506 623 741 687 quaeritur.
810 620 926 668 Sunt
951 618 1031 680 qui
1056 617 1226 673 Marti,
1261 614 1361 663 sunt
1393 615 1475 678 qui
1500 613 1765 669 Mercurio,
1801 611 1905 661 sunt

75 731 155 796 qui
175 724 477 780 Herminoni,
506 717 815 784 antiquissimo
834 717 1186 766 Germanorum
1209 714 1346 769 Duci,
1373 728 1473 759 eam
1495 711 1749 759 dedicatam
1774 709 1903 759 fuiss‘e

76 825 284 878 credunt.
366 813 606 888 Qamvis'
628 833 742 866 vero
776 814 1003 880 posterior
1036 813 1137 860 haec
1171 810 1388 858 sententia
1421 808 1652 872 prioribus
1687 807 1903 871 probabi-

75 927 185 982 lior,
212 940 236 971 a
266 919 497 969 Leibnitio
526 932 717 981 quoque
751 912 1032 979 approbarim
1067 925 1152 973 nos
1183 922 1337 957 tamen
1369 906 1512 971 longe
1543 905 1903 969 probabiliorem

76 1023 195 1073 illam
227 1018 476 1074 statuimus,
508 1030 615 1078 quae
638 1015 685 1061 in
709 1011 935 1068 Arminii,
964 1006 1190 1056 fortiffimi
1222 1004 1346 1054 istius
1370 1002 1720 1053 Cheruscorum
1742 1003 1905 1060 Ducis,

77 1121 309 1191 bonorem
338 1127 537 1163 erectam
569 1129 669 1161 eam
702 1108 830 1158 fuiffe
858 1108 1047 1157 statuam
1073 1103 1233 1164 tradit3
1271 1104 1319 1151 in
1353 1100 1562 1150 victoriae
1586 1099 1778 1163 quidem
1806 1114 1903 1148 tro-

77 1217 266 1285 phaeu'm
296 1214 352 1263 ab
377 1213 507 1261 initio
530 1209 737 1276 politam,
760 1205 833 1256 sed
858 1206 932 1256 cui
958 1202 1184 1268 temporis
1205 1214 1352 1251 tractu
1374 1198 1588 1264 quaedam
1610 1197 1901 1264 populorum

79 1314 254 1371 aceeffit
285 1311 536 1360 veneratio.
1137 1286 1144 1292 ’

175 1415 179 1419 ’
206 1413 287 1462 ΙΧ.
355 1411 480 1458 Inter
502 1406 674 1457 omnia,
700 1419 808 1469 quae
829 1419 852 1452 a
873 1416 1088 1465 tempore
1108 1398 1369 1447 constitutae
1390 1398 1682 1446 Francorum
1705 1394 1903 1442 Monar-

79 1513 197 1563 ehiae
226 1510 281 1560 ad
306 1506 456 1557 nostra
479 1519 627 1567 usque
649 1517 862 1565 tempora
886 1499 1037 1547 habita
1066 1511 1110 1546 et
1132 1496 1355 1544 celebrata
1378 1493 1481 1541 sunt
1500 1493 1555 1542 ab
1580 1490 1743 1540 iisdem
1768 1476 1907 1554 proe-

77 1612 147 1678 lia,
172 1607 351 1658 nullum
375 1603 560 1652 maioris
583 1599 813 1648 momenti
836 1610 1105 1661 reputamus
1127 1594 1222 1651 illo,
1252 1607 1350 1656 quo
1373 1590 1571 1640 Carolus
1594 1588 1834 1637 Martellus
1851 1586 1908 1636 ad

77 1708 300 1759 Turones
333 1702 414 1751 sub
441 1698 752 1750 Theodorico
775 1695 884 1745 Cala
918 1695 1073 1742 victor
1105 1689 1255 1739 evasit.
1325 1686 1510 1754 Quodsi
1541 1685 1640 1734 caesi
1675 1699 1775 1733 tum
1803 1682 1907 1731 fuis:

78 1804 173 1868 sent
204 1801 395 1858 Franci,
431 1813 586 1848 totum
615 1796 705 1844 fine
740 1794 885 1842 dubio
908 1790 1225 1841 Christianum
1255 1787 1442 1836 Orbem
1477 1781 1763 1832 inundaffent
1785 1783 1910 1831 Sara-

78 1905 182 1967 ceni
203 1900 384 1950 Mauris
419 1896 591 1960 stipati,
627 1893 755 1942 nullo
793 1906 903 1940 tunc
939 1890 1072 1954 Rege
1104 1899 1181 1935 aut
1213 1885 1420 1950 populo,
1456 1883 1536 1946 qui
1573 1894 1784 1929 ruentem
1819 1880 1910 1928 im-

78 2016 242 2067 petum
277 1996 483 2055 fisteret3
534 2007 670 2056 atque
705 1991 764 2039 ita
797 1989 1004 2052 Europae
1049 1982 1461 2050 propugnaculum
1503 1980 1594 2028 iam
1629 1992 1730 2027 tum
1766 1977 1910 2028 Fran·

79 2100 148 2152 ‚cia
194 2097 295 2145 fuit.

73 2258 78 2261 Π
210 2195 270 2243 Χ.
335 2191 581 2257 Eleganter
601 2185 827 2236 Iordanus
855 2184 912 2231 de
936 2181 1139 2246 Origine
1162 2177 1457 2244 Regnatricis
1475 2174 1680 2225 Familiae
1702 2173 1747 2221 in
1771 2171 1912 2226 Fran-

84 2295 153 2344 cia
174 2289 472 2348 demonstrat,
505 2301 645 2334 unam
671 2282 960 2345 eandemque
978 2280 1180 2342 Stirpem
1205 2275 1318 2333 effe,
1351 2291 1457 2338 quae
1479 2275 1533 2323 ab
1563 2273 1695 2320 initio
1721 2275 1912 2319 Monar-

84 2392 201 2442 chiae
232 2388 287 2439 ad
322 2386 472 2435 nostra
503 2399 651 2446 usque
685 2396 894 2444 tempora
928 2378 974 2425 in
1000 2375 1148 2425 Gallia
1179 2388 1353 2439 regnat.
1424 2370 1707 2435 Carolingos
1730 2369 1855 2416 enim
1887 2381 1912 2413 a

40 2554 44 2556 ῃ
79 2463 411 2552 ,Mei‘ovingiffi⁴
445 2497 490 2531 et
524 2479 814 2544 Capetingos
851 2473 1045 2524 viciffim
1077 2490 1101 2521 a
1132 2471 1397 2536 Carolingis
1436 2483 1626 2516 exortos
1660 2463 1744 2513 effe
1777 2464 1913 2512 certis

78 2586 399 2640 Historiarum
421 2578 717 2631 documentis
740 2575 927 2642 probari
958 2569 1120 2638 potest.
1189 2568 1428 2620 Buchetus
1457 2564 1623 2637 eadem·
1648 2564 1810 2620 docet,
1836 2561 1913 2609 fed

945 2669 1043 2735 Ως
1081 2684 1107 2727 3
1760 2659 1913 2708 diver-
