2618 3485
565 340 780 386 xxxma
1102 252 1105 253 f
1182 312 1293 396 Q
1370 315 1618 393 ><0><
1693 315 1806 393 aa*

717 452 1000 524 Supererat
1037 441 1211 501 adhuc
1254 444 1596 502 CAROLVS
1642 445 1937 519 Imperator
1964 480 1981 507 ,
2030 461 2155 502 cum
2190 465 2414 508 mortuo

565 577 661 634 sub
685 577 735 631 id
773 590 1011 647 tempuS,
1055 573 1144 646 qui
1171 571 1446 627 Caesareae
1471 569 1821 627 Bibliothecae
1851 569 2039 626 Custos
2061 569 2250 635 fuerat,
2297 575 2411 631 Ga-

565 718 771 759 RELLIO
803 701 1015 756 Comite
1039 737 1053 758 ‚
1095 696 1484 756 COBENZELIVS
1522 696 1745 757 Comes,
1787 694 1854 750 de
1887 712 1996 769 quo
2039 694 2170 752 infra
2200 698 2410 776 loquor,

567 843 618 884 et
649 830 740 903 qui
780 844 896 884 tum
925 823 1063 880 forte
1095 824 1412 898 Moguntiae
1440 820 1718 883 haerebat,
1757 822 2211 894 Argentoratum,
2252 824 2414 882 iussus

567 953 631 1010 ab
660 954 1009 1029 Imperatore,
1050 950 1260 1008 aduolat
1288 951 1598 1025 quaeritque
1636 964 1700 1003 ex
1733 948 1768 1004 S
1786 945 1901 1003 CH
1918 946 1967 1002 O
1989 948 2029 1003 E
2049 948 2142 1004 PF
2160 949 2209 1006 L
2227 951 2415 1017 INO,
2498 1015 2508 1023 ‚

569 1098 700 1136 num
724 1079 1023 1154 persuaderi
1048 1078 1112 1134 ad
1140 1075 1534 1152 accipiendum,
1574 1078 1667 1150 qui
1692 1073 1934 1134 vacabat,
1977 1074 2156 1131 locum
2187 1076 2299 1133 vllis
2331 1095 2414 1132 ar-

570 1208 839 1276 gumentis
871 1206 1056 1278 posfit,
1100 1203 1263 1277 Ipsius
1297 1201 1513 1257 arbitrio
1542 1200 1868 1256 conditiones
1905 1198 2172 1257 liberrime
2199 1204 2418 1277 permit-

572 1344 697 1385 tenS.
779 1331 878 1386 Res
915 1333 1049 1384 inter
1084 1345 1375 1401 Vtrumque
1414 1326 1739 1401 aliquamdiu
1791 1327 2011 1400 agitata,
2053 1327 2104 1382 in
2144 1327 2419 1403 spongiam

575 1454 788 1513 tandem
828 1454 1021 1512 incidit.

1819 1592 1857 1635 ὀ

701 1686 990 1744 -Seeularia
1046 1689 1286 1743 inuentae
1356 1683 1809 1760 Typographieae
1872 1684 1993 1740 artis
2060 1683 2213 1742 Sacra
2260 1685 2424 1742 Anno

579 1811 921 1870 MDCCXL.
972 1831 1094 1868 cum
1139 1811 1462 1871 celebraret,
1509 1808 1905 1882 congratulante
1947 1806 2165 1882 Europa
2179 1811 2425 1872 ,inuen-

580 1940 681 1994 trix
715 1938 996 1994 Germania
1023 1977 1038 2000 ‚
1104 1935 1571 2009 Argentinenfium
1622 1931 1845 1989 caussam
1892 1950 1957 1988 ne
2001 1933 2238 1991 deserere
2270 1933 2424 1999 velle,

579 2064 720 2121 malo
763 2065 968 2123 omine,
1027 2061 1299 2118 videretur
1352 2058 1946 2120 SCHOEPFLINVS,
2007 2061 2115 2131 egit
2165 2076 2283 2114 eam
2328 2077 2426 2135 per

582 2187 909 2261 Ephebum,
949 2185 1243 2259 disciplinae
1276 2166 1394 2238 suae
1427 2198 1546 2237 tum
1589 2182 1892 2245 alumnum,
1932 2182 2335 2256 euquff‘dum
2372 2186 2426 2242 in

586 2310 887 2368 cathedram
919 2313 1218 2371 oratoriam,
1247 2307 1559 2363 celebrando
1591 2324 1696 2363 tam
1733 2306 1924 2381 digno,
1950 2307 2094 2382 quod
2136 2307 2450 2365 celebrare-0·

588 2452 706 2499 tur,
746 2440 965 2492 iuuenco
1012 2434 1760 2510 producendum'annuneiat,
1800 2431 1990 2509 scripto
2036 2450 2429 2511 programmate

590 2564 655 2619 ita
681 2564 846 2618 tuitus
876 2561 948 2618 est
970 2559 1108 2637 Ipse,
1147 2577 1206 2619 vt
1233 2578 1296 2616 ex
1321 2562 1464 2617 omni
1496 2558 1812 2634 scriptorum
1836 2560 2004 2616 omnis
2035 2561 2240 2634 generis
2264 2555 2430 2613 farra-

2289 2687 2431 2758 gine,
