2618 3485
684 372 758 430 40
1295 352 1919 432 Q)(0)(ss

682 478 927 536 virorum,
983 475 1310 543 bellorumque
1361 478 1521 528 studiis
1565 478 1835 544 asperrima,
1881 479 2014 529 sociis
2060 478 2239 547 semper
2287 480 2526 548 praefidio²

683 576 892 627 hostibus
923 575 1010 624 fuit
1041 577 1219 626 terrori.
1286 577 1503 627 Testatur
1530 577 1576 626 id
1610 580 1831 643 repetitus
1868 593 1925 626 ex
1957 578 2167 628 fabulofis
2201 582 2527 632 remotissimae

683 675 965 739 antiquitatis
995 676 1288 741 temporibus
1309 676 1539 726 Hercules
1575 676 1646 725 ille
1668 677 1903 737 Gallicus;
1940 676 2158 725 testantur
2196 679 2242 727 id
2283 679 2528 729 celeberri-

683 790 786 824 mae
821 786 1034 824 veterum
1057 774 1306 825 Gallorum
1344 774 1571 841 susceptae
1612 792 1697 841 per
1730 776 1918 827 Orbem
1954 775 2298 841 expeditione83
2329 792 2380 827 vt
2409 776 2527 827 adeo

682 889 850 923 eorum
879 873 1028 923 virtus
1059 873 1149 939 ipsa
1182 875 1273 923 iam
1296 874 1610 924 Historiarum
1642 889 1948 923 monumenta
1988 873 2224 938 superare,
2255 889 2300 924 et
2334 876 2380 924 in
2422 876 2529 941 ipfis

682 971 839 1038 postea
864 989 1024 1023 earum
1047 975 1313 1040 originibus
1339 973 1411 1023 sua
1432 990 1625 1038 quoque
1649 975 1858 1022 inuenire
1890 974 2040 1039 elogia
2070 989 2299 1023 cernatur.
2366 975 2533 1023 Periis-

682 1069 745 1120 set
783 1071 1044 1121 adolescens
1076 1073 1186 1122 illud
1220 1074 1549 1122 Romanorum
1588 1073 1848 1138 Imperium
1887 1085 1932 1120 et
1963 1072 2053 1120 iam
2089 1085 2191 1120 rum
2225 1072 2310 1121 late
2343 1071 2529 1122 diffusae

681 1169 932 1218 Gallorum
956 1171 1118 1219 virtuti
1144 1170 1470 1228 succubuisset,
1508 1170 1588 1219 nifi
1621 1170 1882 1237 productus
1908 1172 1954 1218 in
1990 1169 2171 1219 scenam
2198 1171 2416 1220 Camillus
2434 1171 2532 1220 Ro-

681 1284 834 1326 mam,
870 1267 950 1317 sub
974 1269 1205 1318 cineribus
1229 1269 1316 1319 suis
1349 1271 1438 1319 iam
1467 1268 1562 1319 fere
1597 1270 1844 1334 sepultam,
1879 1286 1936 1318 ex
1970 1267 2049 1318 suo
2085 1267 2210 1332 quasi
2239 1267 2528 1318 1·esuscitaffet

683 1365 883 1419 excidio.
951 1367 1041 1416 Sed
1077 1384 1188 1417 cum
1222 1369 1292 1417 illa
1323 1368 1427 1434 post
1455 1370 1650 1434 longam
1678 1384 1911 1418 annorum
1943 1367 2102 1416 seriem
2123 1401 2135 1424 ,
2170 1369 2368 1416 maiores
2403 1367 2530 1431 quafi

682 1463 788 1515 suos
816 1465 996 1525 vltura,
1027 1467 1189 1516 Gallos
1218 1466 1412 1515 vieiffim
1445 1468 1491 1515 in
1522 1465 1704 1515 sedibus
1746 1466 1859 1524 suis,
1893 1464 2121 1514 conuerso
2152 1467 2242 1515 iam
2274 1481 2432 1514 rerum
2456 1482 2533 1515 or-

684 1563 818 1622 dine,
851 1564 958 1613 effet
980 1565 1211 1631 aggressa,
1247 1580 1417 1630 quanta
1449 1565 1739 1630 proeliorum
1765 1563 1894 1630 seges
1914 1578 2088 1622 exorta,
2111 1561 2384 1624 Auditores,
2418 1579 2529 1613 cum

683 1662 944 1712 indomitus
983 1664 1055 1712 ille
1091 1664 1280 1723 Caesar,
1326 1664 1515 1715 Orbem
1561 1662 1831 1713 subacturus
1854 1663 2151 1720 Romanum,
2197 1680 2308 1712 cum
2346 1661 2530 1712 fortiss-

682 1777 769 1812 mo
791 1761 1040 1811 Gallorum
1072 1764 1252 1827 populo
1274 1762 1480 1812 facienda
1513 1763 1642 1826 prius
1674 1761 1858 1809 virtutis
1891 1758 1992 1808 suae
2026 1761 2371 1824 experimenta,
2406 1759 2532 1824 quast

684 1859 868 1909 futurae
899 1859 1234 1910 dominationis
1265 1861 1518 1926 praeludia,
1555 1860 1773 1908 decreuit.
1840 1859 1938 1907 Iam
1971 1873 2087 1906 vero
2124 1857 2206 1907 sub
2236 1857 2341 1923 ipfis
2375 1857 2530 1924 postea

684 1958 913 2008 Romanis
945 1961 1104 2008 nonde
1145 1959 1378 2009 theatrum
1408 1958 1596 2022 aliquod
1635 1958 1853 2007 bellicum
1887 1954 2242 2022 repraesentauit
2280 1957 2450 2016 Gallia,
2483 1958 2531 2008 in

684 2073 785 2122 quo
806 2057 1108 2107 ferocissimae
1143 2073 1334 2126 gentes,
1371 2074 1484 2123 quas
1509 2057 1708 2124 glacialis
1741 2057 1904 2106 boreas
1932 2057 2140 2104 certatim
2163 2054 2352 2114 effudit,
2387 2056 2446 2104 de
2473 2055 2532 2107 sa-

686 2156 781 2206 lute
802 2170 847 2205 et
883 2157 1031 2222 gloria
1065 2171 1342 2222 pugnarent.
1413 2157 1618 2222 Qoties
1641 2154 1930 2211 Rhodanus,
1962 2154 2202 2202 barbarico
2230 2170 2400 2203 cruore
2427 2153 2531 2220 spu-

689 2270 824 2304 mans
844 2287 857 2312 ,
886 2251 1136 2320 augmenta
1158 2253 1231 2303 sua
1257 2255 1451 2319 stupuit,
1485 2267 1531 2302 et
1555 2254 1807 2303 Simoentis
1838 2252 1949 2301 olim
1976 2251 2031 2301 ad
2049 2252 2252 2301 Troiam
2275 2252 2410 2301 instar
2428 2269 2530 2302 cor-

690 2366 819 2417 repta
844 2365 913 2401 tot
940 2351 1133 2401 fortium
1155 2353 1375 2402 Heroum
1400 2350 1521 2401 scuta
1542 2353 1788 2418 galeasque
1812 2349 1853 2399 se
1888 2352 1977 2400 iam
2007 2350 2199 2400 voluere
2231 2352 2422 2400 miratus
2451 2351 2527 2401 est.

691 2449 809 2499 Inde
829 2466 887 2499 ex
922 2450 1175 2501 Germania
1199 2468 1392 2517 quoque
1419 2449 1492 2500 sua
1519 2451 1712 2500 surrexit
1735 2450 1883 2500 audax
1913 2464 1958 2499 et
1987 2448 2297 2515 potentiffima
2319 2444 2530 2500 Franco-
2562 2480 2566 2486 -

692 2566 799 2598 rum
832 2550 981 2612 nati03
1018 2567 1136 2615 quae
1156 2551 1396 2600 Romanae
1415 2550 1642 2599 seruitutis
1665 2551 1931 2615 impatiens,
1967 2549 2222 2598 libertatern
2267 2564 2377 2598 cum
2400 2547 2530 2598 Prin-
2578 2556 2606 2609 ’ἴ

689 2649 850 2714 eipatu
884 2648 939 2699 ab
978 2649 1082 2715 ipfis
1124 2649 1272 2701 statim
1302 2649 1505 2700 exordiis
1535 2648 1622 2700 suis
1652 2648 1840 2720 miscere
1870 2648 2122 2699 consueuit.
2158 2655 2160 2657 ’
2190 2646 2267 2718 Illa
2303 2647 2530 2697 nimirum
2576 2637 2604 2674 '³

2419 2761 2532 2813 prae
2569 2755 2572 2758 ’
